<?xml version="1.0" encoding="UTF-8"?>
<?xml-stylesheet type="text/xsl" href="https://www.revistas.usp.br/lib/pkp/xml/oai2.xsl" ?>
<OAI-PMH xmlns="http://www.openarchives.org/OAI/2.0/" xmlns:xsi="http://www.w3.org/2001/XMLSchema-instance" xsi:schemaLocation="http://www.openarchives.org/OAI/2.0/ http://www.openarchives.org/OAI/2.0/OAI-PMH.xsd">
<responseDate>2023-08-07T14:50:26Z</responseDate>
<request verb="ListRecords" metadataPrefix="marcxml" set="actafisiatrica">https://www.revistas.usp.br/actafisiatrica/oai</request>
<ListRecords>
<record>
<header>
<identifier>oai:revistas.usp.br:article/154214</identifier>
<datestamp>2019-09-23T17:52:21Z</datestamp>
<setSpec>actafisiatrica:Art.+Orig.</setSpec>
<setSpec>driver</setSpec>
</header>
<metadata>
<record xmlns="http://www.loc.gov/MARC21/slim" xmlns:xsi="http://www.w3.org/2001/XMLSchema-instance" xsi:schemaLocation="http://www.loc.gov/MARC21/slim http://www.loc.gov/standards/marcxml/schema/MARC21slim.xsd">
<leader>     nmb a2200000Iu 4500</leader>
<controlfield tag="008">"171227 2017                        eng  "</controlfield>
<datafield tag="022" ind1="#" ind2="#">
<subfield code="$a">2317-0190</subfield>
</datafield>
<datafield tag="022" ind1="#" ind2="#">
<subfield code="$a">0104-7795</subfield>
</datafield>
<datafield tag="042" ind1=" " ind2=" ">
<subfield code="a">dc</subfield>
</datafield>
<datafield tag="245" ind1="0" ind2="0">
<subfield code="a">Impacto da violência por arma de fogo em adolescentes e jovens internados em hospital de referência com base na Classificação Internacional de Funcionalidade, Incapacidade e Saúde</subfield>
</datafield>  <datafield tag="720" ind1="1" ind2=" ">
<subfield code="a">Freitas, Nilce Almino de</subfield>
<subfield code="u">Hospital Instituto Dr. José Frota - IJF</subfield><subfield code="0">https://orcid.org/0000-0003-1090-9931</subfield></datafield>
<datafield tag="720" ind1="1" ind2=" ">
<subfield code="a">Silva, Ana Valeska Siebra e</subfield>
<subfield code="u">Universidade Estadual do Ceará - UECE</subfield></datafield>
<datafield tag="720" ind1="1" ind2=" ">
<subfield code="a">Brasil, Ana Cristhina de Oliveira</subfield>
<subfield code="u">Universidade de Fortaleza - UNIFOR</subfield></datafield>
<datafield tag="720" ind1="1" ind2=" ">
<subfield code="a">Bastos, Vasco Pinheiro Diógenes</subfield>
<subfield code="u">Centro Universitário Estácio do Ceará - FIC</subfield></datafield>
<datafield tag="720" ind1="1" ind2=" ">
<subfield code="a">Brasileiro, Ismênia de Carvalho</subfield>
<subfield code="u">Centro Universitário Estácio do Ceará - FIC</subfield><subfield code="0">https://orcid.org/0000-0002-0426-3719</subfield></datafield>
<datafield tag="720" ind1="1" ind2=" ">
<subfield code="a">Fernandes, Lenise Castelo Branco Camurça</subfield>
<subfield code="u">Hospital Instituto Dr. José Frota - IJF</subfield><subfield code="0">https://orcid.org/0000-0002-7226-9944</subfield></datafield>
<datafield tag="520" ind1=" " ind2=" ">
<subfield code="a"> A Classificação Internacional de Funcionalidade, Incapacidade e Saúde (CIF) gera informações em saúde e permite a identificação do impacto na funcionalidade em diferentes situações clínicas, como por exemplo, nas perfurações por arma de fogo (PAF). Objetivo: Descrever o impacto da violência por arma de fogo em adolescentes e jovens internados em hospital de referência terciária em trauma com base na CIF. Método: Trata-se de um estudo descritivo, transversal, quantitativo, realizado de junho a dezembro de 2014, em Fortaleza - CE, Brasil. A amostra foi de 231 participantes, ambos os gêneros, com idade de 12 a 24 anos. Aplicou-se uma lista resumida da CIF em dois momentos, na admissão e alta hospitalar. Resultados: As categorias mais alteradas do componente Atividade e Participação na admissão foram mobilidade (72,27%), interações e relacionamentos interpessoais (65,4%) e autocuidado (37,8%); e do componente Funções do Corpo foram respiratórias (26,71%), sensoriais e dor (25,35%), voz e fala (20,1%), mentais (13,26%), neuromusculoesqueléticas e relacionadas ao movimento (11,04%). Na alta, as categorias mais alteradas do componente Atividade e Participação foram interações e relacionamentos interpessoais (64,5%), mobilidade (36,79%) e autocuidado (29,29%); e do componente Funções do Corpo foram sensoriais e dor (23,38), voz e fala (16,8%), mentais (13,26%), neuromusculoesqueléticas e relacionadas ao movimento (10,45%), e do sistema respiratório (5,05%). Categorias relacionadas à mobilidade e respiração foram as que demonstraram maiores percentuais de melhora na alta, enquanto as funções sensoriais e atividades relativas à interação interpessoal foram as que indicaram menor percentual de melhora. Conclusão: Esta classificação possibilitou traçar um perfil de funcionalidade destes indivíduos e codificar a informação por meio da CIF, detectando-se o risco de incapacidade funcional no momento da admissão e da alta, elementos decisivos para a resolução das realidades clínicas. </subfield>
</datafield>
<datafield tag="260" ind1=" " ind2=" ">
<subfield code="b">Faculdade de Medicina, Universidade de São Paulo</subfield>
</datafield>
<dataField tag="260" ind1=" " ind2=" ">
<subfield code="c">2017-12-27 00:00:00</subfield>
</dataField>   <datafield tag="856" ind1=" " ind2=" ">
<subfield code="q">application/pdf</subfield>
</datafield>
<datafield tag="856" ind1=" " ind2=" ">
<subfield code="q">application/pdf</subfield>
</datafield>
<datafield tag="856" ind1="4" ind2="0">
<subfield code="u">https://www.revistas.usp.br/actafisiatrica/article/view/154214</subfield>
</datafield>  <datafield tag="786" ind1="0" ind2=" ">
<subfield code="n">Acta Fisiátrica; v. 24 n. 4 (2017)</subfield>
</datafield>  <datafield tag="546" ind1=" " ind2=" ">
<subfield code="a">por</subfield>
</datafield>   <datafield tag="540" ind1=" " ind2=" ">
<subfield code="a">Copyright (c) 2017 Acta Fisiátrica</subfield>
</datafield>
</record>
</metadata>
</record>