
<record>
<header>
<identifier>oai:revistas.usp.br:article/154225</identifier>
<datestamp>2019-09-23T14:39:33Z</datestamp>
<setSpec>actafisiatrica:Art.+Rev.</setSpec>
<setSpec>driver</setSpec>
</header>
<metadata>
<record xmlns="http://www.loc.gov/MARC21/slim" xmlns:xsi="http://www.w3.org/2001/XMLSchema-instance" xsi:schemaLocation="http://www.loc.gov/MARC21/slim http://www.loc.gov/standards/marcxml/schema/MARC21slim.xsd">
<leader>     nmb a2200000Iu 4500</leader>
<controlfield tag="008">"171227 2017                        eng  "</controlfield>
<datafield tag="022" ind1="#" ind2="#">
<subfield code="$a">2317-0190</subfield>
</datafield>
<datafield tag="022" ind1="#" ind2="#">
<subfield code="$a">0104-7795</subfield>
</datafield>
<datafield tag="042" ind1=" " ind2=" ">
<subfield code="a">dc</subfield>
</datafield>
<datafield tag="245" ind1="0" ind2="0">
<subfield code="a">A atuação da terapia ocupacional com pacientes com diabetes tipo 2: uma revisão de literatura</subfield>
</datafield>  <datafield tag="720" ind1="1" ind2=" ">
<subfield code="a">Aquino, Luane Marques de Lima</subfield>
<subfield code="u">Universidade Federal do Rio de Janeiro - UFRJ</subfield></datafield>
<datafield tag="720" ind1="1" ind2=" ">
<subfield code="a">Marinho, Fernanda de Sousa</subfield>
<subfield code="u">Universidade Federal do Rio de Janeiro - UFRJ</subfield></datafield>
<datafield tag="720" ind1="1" ind2=" ">
<subfield code="a">Moram, Camila Barros de Miranda</subfield>
<subfield code="u">Universidade Federal do Rio de Janeiro - UFRJ</subfield></datafield>
<datafield tag="720" ind1="1" ind2=" ">
<subfield code="a">Melo, Juliana Valéria de</subfield>
<subfield code="u">Universidade Federal do Rio de Janeiro - UFRJ</subfield></datafield>
<datafield tag="720" ind1="1" ind2=" ">
<subfield code="a">Cardoso, Claudia Regina Lopes</subfield>
<subfield code="u">Universidade Federal do Rio de Janeiro - UFRJ</subfield></datafield>
<datafield tag="720" ind1="1" ind2=" ">
<subfield code="a">Salles, Gil Fernando da Costa Mendes</subfield>
<subfield code="u">Universidade Federal do Rio de Janeiro - UFRJ</subfield></datafield>
<datafield tag="520" ind1=" " ind2=" ">
<subfield code="a"> Dentre os tipos de diabetes, a do tipo 2 é a que mais acomete os pacientes adultos, sendo responsável por 90-95% dos casos. Além das complicações diretamente relacionadas à diabetes, algumas comorbidades podem surgir sem ter relação direta com a doença. Pacientes negligentes no autocuidado e sem acompanhamento regular apresentam maior probabilidade de apresentar complicações e são mais suscetíveis a desenvolver incapacidades funcionais. Diversos profissionais podem atuar no tratamento destes pacientes, orientando quanto aos cuidados medicamentosos e adesão às atividades de autocuidado, entre eles o terapeuta ocupacional. Objetivo: Analisar a atuação da Terapia Ocupacional em pacientes com Diabetes Tipo 2. Métodos: Foi realizada análise da literatura, com pesquisa no PubMed, Biblioteca Virtual em Saúde (Bireme) e Scopus, dos artigos publicados entre 2012 a 2017, em português e inglês. Foram elaboradas estratégias de busca utilizando os blocos de conceitos &quot;Diabetes Tipo 2&quot; e &quot;Terapia Ocupacional&quot;. Resultados: Foram encontrados 593 artigos por meio da busca com os descritores selecionados e aplicações de filtros. Segundo os critérios de elegibilidade, foram selecionados 14 artigos para análise. Percebe-se que a atuação do terapeuta ocupacional com esta clientela tem sido pautada na integração e inserção realista de práticas de autocuidado em uma rotina mais estruturada e organizada. Conclusão: O terapeuta ocupacional pode auxiliar na melhora da funcionalidade, tanto no desempenho quanto na participação da vida diária dos pacientes diabéticos, utilizando-se de estratégias como adaptações e modificações do ambiente, da rotina e dos objetos. </subfield>
</datafield>
<datafield tag="260" ind1=" " ind2=" ">
<subfield code="b">Faculdade de Medicina, Universidade de São Paulo</subfield>
</datafield>
<dataField tag="260" ind1=" " ind2=" ">
<subfield code="c">2017-12-27 00:00:00</subfield>
</dataField>   <datafield tag="856" ind1=" " ind2=" ">
<subfield code="q">application/pdf</subfield>
</datafield>
<datafield tag="856" ind1=" " ind2=" ">
<subfield code="q">application/pdf</subfield>
</datafield>
<datafield tag="856" ind1="4" ind2="0">
<subfield code="u">https://www.revistas.usp.br/actafisiatrica/article/view/154225</subfield>
</datafield>  <datafield tag="786" ind1="0" ind2=" ">
<subfield code="n">Acta Fisiátrica; v. 24 n. 4 (2017)</subfield>
</datafield>  <datafield tag="546" ind1=" " ind2=" ">
<subfield code="a">por</subfield>
</datafield>   <datafield tag="540" ind1=" " ind2=" ">
<subfield code="a">Copyright (c) 2017 Acta Fisiátrica</subfield>
</datafield>
</record>
</metadata>
</record>