
<record>
<header>
<identifier>oai:revistas.usp.br:article/154228</identifier>
<datestamp>2019-09-23T18:01:59Z</datestamp>
<setSpec>actafisiatrica:Rel.+Caso</setSpec>
<setSpec>driver</setSpec>
</header>
<metadata>
<record xmlns="http://www.loc.gov/MARC21/slim" xmlns:xsi="http://www.w3.org/2001/XMLSchema-instance" xsi:schemaLocation="http://www.loc.gov/MARC21/slim http://www.loc.gov/standards/marcxml/schema/MARC21slim.xsd">
<leader>     nmb a2200000Iu 4500</leader>
<controlfield tag="008">"171227 2017                        eng  "</controlfield>
<datafield tag="022" ind1="#" ind2="#">
<subfield code="$a">2317-0190</subfield>
</datafield>
<datafield tag="022" ind1="#" ind2="#">
<subfield code="$a">0104-7795</subfield>
</datafield>
<datafield tag="042" ind1=" " ind2=" ">
<subfield code="a">dc</subfield>
</datafield>
<datafield tag="245" ind1="0" ind2="0">
<subfield code="a">Influência da realidade virtual sobre a dor, fadiga, capacidade funcional e qualidade de vida na fibromialgia: estudo de caso</subfield>
</datafield>  <datafield tag="720" ind1="1" ind2=" ">
<subfield code="a">Tossini, Natália Barbosa</subfield>
<subfield code="u">Universidade Federal de São Carlos - UFSCar</subfield><subfield code="0">https://orcid.org/0000-0001-9630-9683</subfield></datafield>
<datafield tag="720" ind1="1" ind2=" ">
<subfield code="a">Silva, Gabriella Regina Côrrea e</subfield>
<subfield code="u">Universidade Federal de São Carlos - UFSCar</subfield></datafield>
<datafield tag="720" ind1="1" ind2=" ">
<subfield code="a">Petrella, Marina</subfield>
<subfield code="u">Universidade Federal de São Carlos - UFSCar</subfield></datafield>
<datafield tag="720" ind1="1" ind2=" ">
<subfield code="a">Soares, Victor Eduardo Borges</subfield>
<subfield code="u">Universidade Federal de São Carlos - UFSCar</subfield></datafield>
<datafield tag="720" ind1="1" ind2=" ">
<subfield code="a">Brandão, Alexandre</subfield>
<subfield code="u">Universidade Estadual de Campinas - UNICAMP</subfield></datafield>
<datafield tag="720" ind1="1" ind2=" ">
<subfield code="a">Serrão, Paula Regina Mendes da Silva</subfield>
<subfield code="u">Universidade Federal de São Carlos - UFSCar</subfield><subfield code="0">https://orcid.org/0000-0002-4547-9161</subfield></datafield>
<datafield tag="520" ind1=" " ind2=" ">
<subfield code="a"> Objetivo: Avaliar o efeito da Realidade Virtual (RV) associado a exercícios físicos na qualidade de vida, fadiga, níveis de dor e capacidade funcional em uma mulher com Fibromialgia (FM). Métodos: Trata-se de um estudo de caso que avaliou uma paciente com diagnóstico de FM, antes e após a intervenção com a RV associada a prática de exercícios físicos. Os instrumentos de avaliação utilizadas foram: Questionário de Impacto da Fibromialgia, Questionário de Capacidade Funcional, a Escala Visual analógica de Dor, Escala de Pensamento catastrófico sobre a dor, Escala de severidade da fadiga e avaliação do limiar de dor à pressão sobre os 18 tender points por meio de um algômetro de pressão digital. O tratamento ocorreu durante 6 semanas, com 2 sessões de tratamento por semana, totalizando 12 sessões. Resultados: O estudo proposto mostrou que o tratamento associado a RV promoveu uma melhora no impacto da FM na qualidade de vida da voluntária, uma diminuição na catastrofização da dor e uma diminuição da fadiga. Também foi possível notar uma melhora no limiar de dor a pressão em 16 tender points. Conclusão: Um programa de reabilitação para pessoas com FM que envolva a RV somado a prática de exercícios físicos contribuiu para melhora dos aspectos cognitivo e físico. A associação destas duas terapias foi benéfica, uma vez que estímulos cognitivos e a prática de uma atividade física foi capaz de promover melhora na função, na fadiga, na qualidade de vida e na percepção de dor desses. </subfield>
</datafield>
<datafield tag="260" ind1=" " ind2=" ">
<subfield code="b">Faculdade de Medicina, Universidade de São Paulo</subfield>
</datafield>
<dataField tag="260" ind1=" " ind2=" ">
<subfield code="c">2017-12-27 00:00:00</subfield>
</dataField>   <datafield tag="856" ind1=" " ind2=" ">
<subfield code="q">application/pdf</subfield>
</datafield>
<datafield tag="856" ind1=" " ind2=" ">
<subfield code="q">application/pdf</subfield>
</datafield>
<datafield tag="856" ind1="4" ind2="0">
<subfield code="u">https://www.revistas.usp.br/actafisiatrica/article/view/154228</subfield>
</datafield>  <datafield tag="786" ind1="0" ind2=" ">
<subfield code="n">Acta Fisiátrica; v. 24 n. 4 (2017)</subfield>
</datafield>  <datafield tag="546" ind1=" " ind2=" ">
<subfield code="a">por</subfield>
</datafield>   <datafield tag="540" ind1=" " ind2=" ">
<subfield code="a">Copyright (c) 2017 Acta Fisiátrica</subfield>
</datafield>
</record>
</metadata>
</record>