
<record>
<header>
<identifier>oai:revistas.usp.br:article/154231</identifier>
<datestamp>2019-09-23T14:52:10Z</datestamp>
<setSpec>actafisiatrica:Tend.+Refle.</setSpec>
<setSpec>driver</setSpec>
</header>
<metadata>
<record xmlns="http://www.loc.gov/MARC21/slim" xmlns:xsi="http://www.w3.org/2001/XMLSchema-instance" xsi:schemaLocation="http://www.loc.gov/MARC21/slim http://www.loc.gov/standards/marcxml/schema/MARC21slim.xsd">
<leader>     nmb a2200000Iu 4500</leader>
<controlfield tag="008">"171227 2017                        eng  "</controlfield>
<datafield tag="022" ind1="#" ind2="#">
<subfield code="$a">2317-0190</subfield>
</datafield>
<datafield tag="022" ind1="#" ind2="#">
<subfield code="$a">0104-7795</subfield>
</datafield>
<datafield tag="042" ind1=" " ind2=" ">
<subfield code="a">dc</subfield>
</datafield>
<datafield tag="245" ind1="0" ind2="0">
<subfield code="a">A reabilitação das alterações cognitivas após o acidente vascular encefálico</subfield>
</datafield>  <datafield tag="720" ind1="1" ind2=" ">
<subfield code="a">Schewinsky, Sandra Regina</subfield>
<subfield code="u">Instituto de Medicina Física e Reabilitação, Hospital das Clinicas FMUSP</subfield></datafield>
<datafield tag="720" ind1="1" ind2=" ">
<subfield code="a">Alves, Vera Lucia Rodrigues</subfield>
<subfield code="u">Instituto de Medicina Física e Reabilitação, Hospital das Clinicas FMUSP</subfield></datafield>
<datafield tag="520" ind1=" " ind2=" ">
<subfield code="a"> O Acidente Vascular Encefálico (AVE) exerce forte impacto no panorama global da saúde do país, sendo a uma das maiores causas de deficiências no mundo, pois geram sequelas motoras, sensitivas, de linguagem, cognitivas, emocionais e comportamentais. A pessoa que sofreu um AVE necessita de atendimento integrativo, motivo que o presente artigo visa demonstrar como o Serviço de Psicologia no Instituto de Medicina Física de Reabilitação do Hospital das Clinicas da Faculdade de Medicina da Universidade de São Paulo (IMREA HC FMUSP) atua no estado da arte da reabilitação neuropsicológica/cognitiva, em que se faz necessário conceituar a Neuropsicologia e sua interface com o diagnóstico diferencial, com compreensão do funcionamento das atividades mentais na normalidade e suas alterações, para finalmente discorrer sobre a estruturação do programa de reabilitação neuropsicológica/cognitiva no processo de Reabilitação Integral da pessoa vítima de AVE no IMREA FMUSP. </subfield>
</datafield>
<datafield tag="260" ind1=" " ind2=" ">
<subfield code="b">Faculdade de Medicina, Universidade de São Paulo</subfield>
</datafield>
<dataField tag="260" ind1=" " ind2=" ">
<subfield code="c">2017-12-27 00:00:00</subfield>
</dataField>   <datafield tag="856" ind1=" " ind2=" ">
<subfield code="q">application/pdf</subfield>
</datafield>
<datafield tag="856" ind1=" " ind2=" ">
<subfield code="q">application/pdf</subfield>
</datafield>
<datafield tag="856" ind1="4" ind2="0">
<subfield code="u">https://www.revistas.usp.br/actafisiatrica/article/view/154231</subfield>
</datafield>  <datafield tag="786" ind1="0" ind2=" ">
<subfield code="n">Acta Fisiátrica; v. 24 n. 4 (2017)</subfield>
</datafield>  <datafield tag="546" ind1=" " ind2=" ">
<subfield code="a">por</subfield>
</datafield>   <datafield tag="540" ind1=" " ind2=" ">
<subfield code="a">Copyright (c) 2017 Acta Fisiátrica</subfield>
</datafield>
</record>
</metadata>
</record>