
<record>
<header>
<identifier>oai:revistas.usp.br:article/158818</identifier>
<datestamp>2019-11-20T14:47:36Z</datestamp>
<setSpec>actafisiatrica:Art.+Orig.</setSpec>
<setSpec>driver</setSpec>
</header>
<metadata>
<record xmlns="http://www.loc.gov/MARC21/slim" xmlns:xsi="http://www.w3.org/2001/XMLSchema-instance" xsi:schemaLocation="http://www.loc.gov/MARC21/slim http://www.loc.gov/standards/marcxml/schema/MARC21slim.xsd">
<leader>     nmb a2200000Iu 4500</leader>
<controlfield tag="008">"180331 2018                        eng  "</controlfield>
<datafield tag="022" ind1="#" ind2="#">
<subfield code="$a">2317-0190</subfield>
</datafield>
<datafield tag="022" ind1="#" ind2="#">
<subfield code="$a">0104-7795</subfield>
</datafield>
<datafield tag="042" ind1=" " ind2=" ">
<subfield code="a">dc</subfield>
</datafield>
<datafield tag="245" ind1="0" ind2="0">
<subfield code="a">Perfil epidemiológico dos pacientes com paralisia cerebral atendidos na AACD - São Paulo</subfield>
</datafield>  <datafield tag="720" ind1="1" ind2=" ">
<subfield code="a">Binha, Anny Michelly Paquier</subfield>
<subfield code="u">Associação de Assistência à Criança Deficiente</subfield></datafield>
<datafield tag="720" ind1="1" ind2=" ">
<subfield code="a">Maciel, Simone Carazzato</subfield>
<subfield code="u">Associação de Assistência à Criança Deficiente</subfield></datafield>
<datafield tag="720" ind1="1" ind2=" ">
<subfield code="a">Bezerra, Carla Cristine Andrade</subfield>
<subfield code="u">Universidade Federal de São Paulo</subfield></datafield>
<datafield tag="520" ind1=" " ind2=" ">
<subfield code="a"> Paralisia cerebral (PC) abrange um grupo de síndromes clínicas de causa multifatorial caracterizadas por déficit motor, algumas vezes com disfunção postural. Objetivos: Caracterizar a população dos novos pacientes da clínica de PC na instituição, de Janeiro-2012 a Dezembro-2014. Métodos: Estudo retrospectivo. Avaliados 743 prontuários eletrônicos de pacientes atendidos em consultas iniciais de PC, sendo elegíveis 614 casos. Resultados: Sexo: feminino = 47,4%, masculino = 52,6%. Idade em anos: 29,5% menores de 2; 34% de 2 a 4; 15,5% de 4 a 6; 16,3% de 6 a 12; 4,6% 12 a 18; 0,2% ≥ 18 anos. Ao nascimento 50,7% eram pré-termo e 45% termo. Peso: 9,1% classificados como extremo baixo peso, 16,8% muito baixo peso, 21,8% baixo peso, 43,6% peso adequado, 2,3% macrossômicos. Tipo de parto predominante: cesáreo (56,5%). Classificação clínica e topográfica dos pacientes: 13,4% Hemiparéticos espásticos, 33,9% Diparéticos espásticos, 12,2% Tetraparéticos espásticos, 0,5% Monoparéticos espásticos, 5,9% Discinéticos/atáxicos, 5,7% PC mista, 1% hipotônicos. Em 55,5% das famílias não recebiam auxílio doença. Sobre atendimentos especializados observou-se que para 97,7% dos pacientes tratava-se da primeira consulta com um médico Fisiatra. Conclusão: Maioria das gestantes realizaram pelo menos o número mínimo adequado de consultas de pré-natal. Parto cesariano predominou. Nascimentos pré-termo foi ligeiramente superior comparado com a termo. Tipo de PC predominou o tipo Diparético espástico, com GMFCS nas faixas de 1 a 5 equivalente. Mais da metade das famílias ainda sem acesso a benefício social. </subfield>
</datafield>
<datafield tag="260" ind1=" " ind2=" ">
<subfield code="b">Faculdade de Medicina, Universidade de São Paulo</subfield>
</datafield>
<dataField tag="260" ind1=" " ind2=" ">
<subfield code="c">2018-03-31 00:00:00</subfield>
</dataField>   <datafield tag="856" ind1=" " ind2=" ">
<subfield code="q">application/pdf</subfield>
</datafield>
<datafield tag="856" ind1=" " ind2=" ">
<subfield code="q">application/pdf</subfield>
</datafield>
<datafield tag="856" ind1="4" ind2="0">
<subfield code="u">https://www.revistas.usp.br/actafisiatrica/article/view/158818</subfield>
</datafield>  <datafield tag="786" ind1="0" ind2=" ">
<subfield code="n">Acta Fisiátrica; v. 25 n. 1 (2018)</subfield>
</datafield>  <datafield tag="546" ind1=" " ind2=" ">
<subfield code="a">por</subfield>
</datafield>   <datafield tag="540" ind1=" " ind2=" ">
<subfield code="a">Copyright (c)  </subfield>
</datafield>
</record>
</metadata>
</record>