
<record>
<header>
<identifier>oai:revistas.usp.br:article/158826</identifier>
<datestamp>2019-11-20T14:47:36Z</datestamp>
<setSpec>actafisiatrica:Art.+Orig.</setSpec>
<setSpec>driver</setSpec>
</header>
<metadata>
<record xmlns="http://www.loc.gov/MARC21/slim" xmlns:xsi="http://www.w3.org/2001/XMLSchema-instance" xsi:schemaLocation="http://www.loc.gov/MARC21/slim http://www.loc.gov/standards/marcxml/schema/MARC21slim.xsd">
<leader>     nmb a2200000Iu 4500</leader>
<controlfield tag="008">"180331 2018                        eng  "</controlfield>
<datafield tag="022" ind1="#" ind2="#">
<subfield code="$a">2317-0190</subfield>
</datafield>
<datafield tag="022" ind1="#" ind2="#">
<subfield code="$a">0104-7795</subfield>
</datafield>
<datafield tag="042" ind1=" " ind2=" ">
<subfield code="a">dc</subfield>
</datafield>
<datafield tag="245" ind1="0" ind2="0">
<subfield code="a">Frequencia e fatores determinantes da dor do membro fantasma em pacientes amputados assistidos por um centro de reabilitação situado no centro-oeste do Brasil</subfield>
</datafield>  <datafield tag="720" ind1="1" ind2=" ">
<subfield code="a">Coimbra, Tauana Lemos</subfield>
<subfield code="u">Centro Estadual de Reabilitação e Readaptação Dr. Henrique Santillo</subfield></datafield>
<datafield tag="720" ind1="1" ind2=" ">
<subfield code="a">Medeiros, Rodrigo Parente</subfield>
<subfield code="u">Centro Estadual de Reabilitação e Readaptação Dr. Henrique Santillo</subfield></datafield>
<datafield tag="520" ind1=" " ind2=" ">
<subfield code="a"> Objetivo: Este estudo descritivo, longitudinal e prospectivo busca avaliar a frequência de dor do membro fantasma (DMF) em pacientes amputados que são assistidos por um centro de reabilitação assim como verificar a influência do perfil biopsicossocial, uso de tecnologias assistivas, medicamentos e terapias no caráter da DMF. Método: Foram entrevistados 16 indivíduos em dois momentos com intervalo de seis meses no período de Julho/2016 à Agosto de 2017. Como instrumentos de avaliação foram utilizados: questionário semi-estruturado abordando perfil social e clínico, EVA, SF-36 e Questionário de McGill. Os dados foram analisados descritivamente e com os testes T e Pearson. Resultados: Dos participantes, 8 eram do sexo masculino (50%), com idade média de 55,5 anos (DP:15,7), sendo maior parte procedente de Goiânia (75%) e com amputação transfemural (68,7%) de etiologia traumática (56,2). A frequência de DMF foi de 68,5% na primeira entrevista e 50% na segunda. Entre as duas entrevistas, houve diminuição na intensidade da dor relatada pelos indivíduos assim como no índice da dor e número de descritores do McGill e também acréscimo nos domínios do SF36. Não foi observada correlação positiva entre o uso de próteses, medicamentos ou realização de terapias com o quadro álgico dos amputados. Conclusão: A amostra estudada apresentou alta prevalência de dor do membro fantasma. São necessários mais estudos sobre a DMF e seus determinantes a fim de evidenciar seu impacto na vida do amputado. </subfield>
</datafield>
<datafield tag="260" ind1=" " ind2=" ">
<subfield code="b">Faculdade de Medicina, Universidade de São Paulo</subfield>
</datafield>
<dataField tag="260" ind1=" " ind2=" ">
<subfield code="c">2018-03-31 00:00:00</subfield>
</dataField>   <datafield tag="856" ind1=" " ind2=" ">
<subfield code="q">application/pdf</subfield>
</datafield>
<datafield tag="856" ind1=" " ind2=" ">
<subfield code="q">application/pdf</subfield>
</datafield>
<datafield tag="856" ind1="4" ind2="0">
<subfield code="u">https://www.revistas.usp.br/actafisiatrica/article/view/158826</subfield>
</datafield>  <datafield tag="786" ind1="0" ind2=" ">
<subfield code="n">Acta Fisiátrica; v. 25 n. 1 (2018)</subfield>
</datafield>  <datafield tag="546" ind1=" " ind2=" ">
<subfield code="a">por</subfield>
</datafield>   <datafield tag="540" ind1=" " ind2=" ">
<subfield code="a">Copyright (c)  </subfield>
</datafield>
</record>
</metadata>
</record>