
<record>
<header>
<identifier>oai:revistas.usp.br:article/158827</identifier>
<datestamp>2019-11-20T14:47:36Z</datestamp>
<setSpec>actafisiatrica:Art.+Orig.</setSpec>
<setSpec>driver</setSpec>
</header>
<metadata>
<record xmlns="http://www.loc.gov/MARC21/slim" xmlns:xsi="http://www.w3.org/2001/XMLSchema-instance" xsi:schemaLocation="http://www.loc.gov/MARC21/slim http://www.loc.gov/standards/marcxml/schema/MARC21slim.xsd">
<leader>     nmb a2200000Iu 4500</leader>
<controlfield tag="008">"180331 2018                        eng  "</controlfield>
<datafield tag="022" ind1="#" ind2="#">
<subfield code="$a">2317-0190</subfield>
</datafield>
<datafield tag="022" ind1="#" ind2="#">
<subfield code="$a">0104-7795</subfield>
</datafield>
<datafield tag="042" ind1=" " ind2=" ">
<subfield code="a">dc</subfield>
</datafield>
<datafield tag="245" ind1="0" ind2="0">
<subfield code="a">Arte reabilitação em mulheres amputadas utilizando o mito de Pandora como recurso facilitador de autoestima e qualidade de vida</subfield>
</datafield>  <datafield tag="720" ind1="1" ind2=" ">
<subfield code="a">Scorachio, Flavia Rodrigues de Souza</subfield>
<subfield code="u">Associação de Assistência à Criança Deficiente</subfield></datafield>
<datafield tag="720" ind1="1" ind2=" ">
<subfield code="a">Teng, Teresa Kam</subfield>
<subfield code="u">Associação de Assistência à Criança Deficiente</subfield></datafield>
<datafield tag="720" ind1="1" ind2=" ">
<subfield code="a">De Conti, Márcia Gallo</subfield>
<subfield code="u">Associação de Assistência à Criança Deficiente</subfield></datafield>
<datafield tag="720" ind1="1" ind2=" ">
<subfield code="a">Freire, Tania Cristina</subfield>
<subfield code="u">Associação de Assistência à Criança Deficiente</subfield></datafield>
<datafield tag="720" ind1="1" ind2=" ">
<subfield code="a">Ingham, Sheila Jean McNeill</subfield>
<subfield code="u">Associação de Assistência à Criança Deficiente</subfield><subfield code="0">https://orcid.org/0000-0003-2072-1094</subfield></datafield>
<datafield tag="520" ind1=" " ind2=" ">
<subfield code="a"> A amputação é um evento traumático que repercute intensamente na vida da pessoa acometida. A dificuldade em lidar com a nova realidade pode contribuir negativamente para a autoestima e reabilitação do indivíduo, afetando a sua qualidade de vida. A Arteterapia por meio dos recursos expressivos pode ser um canal facilitador e promotor de aspectos resilientes para a superação do trauma. Objetivo: Averiguar a influência da Arteterapia na autoestima e qualidade de vida em mulheres amputadas. Grupo formado por 8 mulheres amputadas, entre 35 a 65 anos. Método: Divididos em 2 grupos (4 indivíduos no grupo de intervenção e 4 indivíduos no grupo controle). Instrumentos de avaliação: WHOQOL- Bref (World Health Organization Quality of Life), Escala de Autoestima Rosemberg (EAR), o Desenho da Figura Humana e Relatos das Participantes. As atividades foram desenvolvidas com base no mito de Pandora, em 11 oficinas arteterapêuticas com 1 hora de duração, uma vez por semana no setor de Arte-Reabilitação, AACD – Ibirapuera, São Paulo. Resultados: Estatisticamente não foram observadas diferenças significantes entre os momentos inicial e final para os domínios de Whoqol Bref e EAR, em ambos os grupos; porém, o grupo intervenção apresenta um movimento de melhora na autoestima, especialmente no quesito autodepreciação. Qualitativamente foram observadas através do discurso das participantes melhorias de autoestima e possibilidade de melhoria na qualidade de vida das participantes. Conclusão: A arteterapia, junto com a equipe interdisciplinar, pode contribuir positivamente para o processo de reabilitação em mulheres amputadas ajudando a promover a autoestima e qualidade de vida. </subfield>
</datafield>
<datafield tag="260" ind1=" " ind2=" ">
<subfield code="b">Faculdade de Medicina, Universidade de São Paulo</subfield>
</datafield>
<dataField tag="260" ind1=" " ind2=" ">
<subfield code="c">2018-03-31 00:00:00</subfield>
</dataField>   <datafield tag="856" ind1=" " ind2=" ">
<subfield code="q">application/pdf</subfield>
</datafield>
<datafield tag="856" ind1=" " ind2=" ">
<subfield code="q">application/pdf</subfield>
</datafield>
<datafield tag="856" ind1="4" ind2="0">
<subfield code="u">https://www.revistas.usp.br/actafisiatrica/article/view/158827</subfield>
</datafield>  <datafield tag="786" ind1="0" ind2=" ">
<subfield code="n">Acta Fisiátrica; v. 25 n. 1 (2018)</subfield>
</datafield>  <datafield tag="546" ind1=" " ind2=" ">
<subfield code="a">por</subfield>
</datafield>   <datafield tag="540" ind1=" " ind2=" ">
<subfield code="a">Copyright (c)  </subfield>
</datafield>
</record>
</metadata>
</record>