
<record>
<header>
<identifier>oai:revistas.usp.br:article/158828</identifier>
<datestamp>2019-11-20T14:47:36Z</datestamp>
<setSpec>actafisiatrica:Art.+Orig.</setSpec>
<setSpec>driver</setSpec>
</header>
<metadata>
<record xmlns="http://www.loc.gov/MARC21/slim" xmlns:xsi="http://www.w3.org/2001/XMLSchema-instance" xsi:schemaLocation="http://www.loc.gov/MARC21/slim http://www.loc.gov/standards/marcxml/schema/MARC21slim.xsd">
<leader>     nmb a2200000Iu 4500</leader>
<controlfield tag="008">"180331 2018                        eng  "</controlfield>
<datafield tag="022" ind1="#" ind2="#">
<subfield code="$a">2317-0190</subfield>
</datafield>
<datafield tag="022" ind1="#" ind2="#">
<subfield code="$a">0104-7795</subfield>
</datafield>
<datafield tag="042" ind1=" " ind2=" ">
<subfield code="a">dc</subfield>
</datafield>
<datafield tag="245" ind1="0" ind2="0">
<subfield code="a">Medo de quedas como fator comportamental determinante para redução da mobilidade funcional e risco de quedas na doença de Parkinson</subfield>
</datafield>  <datafield tag="720" ind1="1" ind2=" ">
<subfield code="a">Silva, Liliane Pereira da</subfield>
<subfield code="u">Universidade Federal de Pernambuco</subfield><subfield code="0">https://orcid.org/0000-0002-7451-0885</subfield></datafield>
<datafield tag="720" ind1="1" ind2=" ">
<subfield code="a">Lins, Carla Cabral dos Santos Accioly</subfield>
<subfield code="u">Universidade Federal de Pernambuco</subfield></datafield>
<datafield tag="720" ind1="1" ind2=" ">
<subfield code="a">Silva, Letícia do Nascimento</subfield>
<subfield code="u">Universidade Federal de Pernambuco</subfield></datafield>
<datafield tag="720" ind1="1" ind2=" ">
<subfield code="a">Silva, Kássia Maria Clemente da</subfield>
<subfield code="u">Universidade Federal de Pernambuco</subfield></datafield>
<datafield tag="720" ind1="1" ind2=" ">
<subfield code="a">Monteiro, Douglas</subfield>
<subfield code="u">Universidade Federal de Pernambuco</subfield></datafield>
<datafield tag="720" ind1="1" ind2=" ">
<subfield code="a">Silva, Tais Arcanjo Maropo da</subfield>
<subfield code="u">Universidade Federal de Pernambuco</subfield></datafield>
<datafield tag="720" ind1="1" ind2=" ">
<subfield code="a">Coriolano, Maria das Graças Wanderley de Sales</subfield>
<subfield code="u">Universidade Federal de Pernambuco</subfield></datafield>
<datafield tag="720" ind1="1" ind2=" ">
<subfield code="a">Lins, Otávio Gomes</subfield>
<subfield code="u">Universidade Federal de Pernambuco</subfield></datafield>
<datafield tag="520" ind1=" " ind2=" ">
<subfield code="a"> Objetivo: Verificar a repercussão do medo de cair sobre a mobilidade funcional e risco de quedas de pessoas com Doença de Parkinson. Método: Trata-se de um estudo transversal onde foram incluídas pessoas de ambos os sexos, com diagnóstico clínico de DP idiopática nos estágios 1 a 3 da escala original de Hoehn e Yahr e cadastradas no Programa Pró-Parkinson do Hospital das Clínicas da Universidade Federal de Pernambuco. Foram excluídos pacientes que apresentassem outras doenças neurológicas, doenças sistêmicas descompensadas, alterações musculoesqueléticas, rebaixamento do nível cognitivo avaliado por meio do Mini Exame do Estado Mental e com depressão de moderada a grave avaliada pelo inventário de depressão de Beck. Os instrumentos de desfecho utilizados foram o questionário de histórico de quedas e o Timed Up and Go. Para verificar a normalidade da amostra foi utilizado o teste Shapiro-Wilk e para verificar a diferença entre os grupos foi utilizado Teste T para amostras independentes, considerando P &lt; 0.05. Resultados: Amostra foi composta por 18 pacientes, 11 pacientes (61%) relataram medo de cair com ou sem histórico de quedas no último ano. Aumento significativo no tempo para realização do TUG foi observado no grupo com medo de cair em relação ao grupo sem medo de cair (P = 0.012). Conclusão: O medo de cair é um fator comportamental que apresenta repercussões negativas na mobilidade funcional e risco de quedas do indivíduo com doença de Parkinson, sendo necessário considerar esse fator na elaboração dos protocolos de tratamento do paciente. </subfield>
</datafield>
<datafield tag="260" ind1=" " ind2=" ">
<subfield code="b">Faculdade de Medicina, Universidade de São Paulo</subfield>
</datafield>
<dataField tag="260" ind1=" " ind2=" ">
<subfield code="c">2018-03-31 00:00:00</subfield>
</dataField>   <datafield tag="856" ind1=" " ind2=" ">
<subfield code="q">application/pdf</subfield>
</datafield>
<datafield tag="856" ind1=" " ind2=" ">
<subfield code="q">application/pdf</subfield>
</datafield>
<datafield tag="856" ind1="4" ind2="0">
<subfield code="u">https://www.revistas.usp.br/actafisiatrica/article/view/158828</subfield>
</datafield>  <datafield tag="786" ind1="0" ind2=" ">
<subfield code="n">Acta Fisiátrica; v. 25 n. 1 (2018)</subfield>
</datafield>  <datafield tag="546" ind1=" " ind2=" ">
<subfield code="a">por</subfield>
</datafield>   <datafield tag="540" ind1=" " ind2=" ">
<subfield code="a">Copyright (c)  </subfield>
</datafield>
</record>
</metadata>
</record>