
<record>
<header>
<identifier>oai:revistas.usp.br:article/158829</identifier>
<datestamp>2019-11-20T14:47:36Z</datestamp>
<setSpec>actafisiatrica:Art.+Orig.</setSpec>
<setSpec>driver</setSpec>
</header>
<metadata>
<record xmlns="http://www.loc.gov/MARC21/slim" xmlns:xsi="http://www.w3.org/2001/XMLSchema-instance" xsi:schemaLocation="http://www.loc.gov/MARC21/slim http://www.loc.gov/standards/marcxml/schema/MARC21slim.xsd">
<leader>     nmb a2200000Iu 4500</leader>
<controlfield tag="008">"180331 2018                        eng  "</controlfield>
<datafield tag="022" ind1="#" ind2="#">
<subfield code="$a">2317-0190</subfield>
</datafield>
<datafield tag="022" ind1="#" ind2="#">
<subfield code="$a">0104-7795</subfield>
</datafield>
<datafield tag="042" ind1=" " ind2=" ">
<subfield code="a">dc</subfield>
</datafield>
<datafield tag="245" ind1="0" ind2="0">
<subfield code="a">Mobilidade funcional, força, medo de cair, estilo e qualidade de vida em idosos praticantes de caminhada</subfield>
</datafield>  <datafield tag="720" ind1="1" ind2=" ">
<subfield code="a">Silva, Clévia da</subfield>
<subfield code="u">Centro Universitário Adventista de São Paulo</subfield></datafield>
<datafield tag="720" ind1="1" ind2=" ">
<subfield code="a">Oliveira, Natália Cristina de</subfield>
<subfield code="u">Centro Universitário Adventista de São Paulo</subfield></datafield>
<datafield tag="720" ind1="1" ind2=" ">
<subfield code="a">Alfieri, Fábio Marcon</subfield>
<subfield code="u">Centro Universitário Adventista de São Paulo</subfield><subfield code="0">https://orcid.org/0000-0002-5242-3246</subfield></datafield>
<datafield tag="520" ind1=" " ind2=" ">
<subfield code="a"> O processo de envelhecimento envolve modificações no desempenho locomotor que podem predispor os idosos a quedas e alterações na qualidade de vida. Objetivo: Comparar o medo de cair, mobilidade funcional, força de membros inferiores, estilo e qualidade de vida em idosos sedentários e praticantes caminhada. Método: Trata-se de estudo transversal observacional do qual participaram 51 idosos, 25 praticantes de caminhada (GCam) e 26 sedentários (GSed), submetidos à avaliação de mobilidade funcional (Timed Up and Go - TUG), da força de membros inferiores (teste senta-levanta), medo de cair (Escala Internacional de Eficácia de Quedas - FES-I), estilo de vida (questionário FANTASTICO) e Qualidade de vida (SF-36). Resultados: Não houve diferença entre os grupos em relação às médias de idade, distribuição de gênero e índice de massa corporal. Os participantes do GCam apresentaram mobilidade funcional significantemente melhor (9,45±2,68 vs. 14,97±6,55 segundos; p=0,001) que os do GSed, e menos medo de cair (23,16±5,33 vs. 29,04±10,22; p=0,01). O estilo de vida também foi superior entre os praticantes de caminhada (79,84±5,52 vs. 67,19±10,35; (p=0,0001). Em relação à qualidade de vida, o GCam apresentou escores maiores nos domínios capacidade funcional (p=0,013), limitações por aspecto físico (p=0,17) e limitações por aspectos emocionais (p=0,05). Já no domínio dor, o GCam apresentou pior resultado (p=0,05) em relação ao GSed. Conclusão: Idosos praticantes regulares de caminhada possuem melhor resultados em relação à mobilidade funcional, habilidade de levantar e sentar, menos medo de cair, melhor estilo de vida e alguns domínios da qualidade de vida do que idosos sedentários. </subfield>
</datafield>
<datafield tag="260" ind1=" " ind2=" ">
<subfield code="b">Faculdade de Medicina, Universidade de São Paulo</subfield>
</datafield>
<dataField tag="260" ind1=" " ind2=" ">
<subfield code="c">2018-03-31 00:00:00</subfield>
</dataField>   <datafield tag="856" ind1=" " ind2=" ">
<subfield code="q">application/pdf</subfield>
</datafield>
<datafield tag="856" ind1=" " ind2=" ">
<subfield code="q">application/pdf</subfield>
</datafield>
<datafield tag="856" ind1="4" ind2="0">
<subfield code="u">https://www.revistas.usp.br/actafisiatrica/article/view/158829</subfield>
</datafield>  <datafield tag="786" ind1="0" ind2=" ">
<subfield code="n">Acta Fisiátrica; v. 25 n. 1 (2018)</subfield>
</datafield>  <datafield tag="546" ind1=" " ind2=" ">
<subfield code="a">por</subfield>
</datafield>   <datafield tag="540" ind1=" " ind2=" ">
<subfield code="a">Copyright (c)  </subfield>
</datafield>
</record>
</metadata>
</record>