
<record>
<header>
<identifier>oai:revistas.usp.br:article/158830</identifier>
<datestamp>2019-11-20T14:47:36Z</datestamp>
<setSpec>actafisiatrica:Art.+Orig.</setSpec>
<setSpec>driver</setSpec>
</header>
<metadata>
<record xmlns="http://www.loc.gov/MARC21/slim" xmlns:xsi="http://www.w3.org/2001/XMLSchema-instance" xsi:schemaLocation="http://www.loc.gov/MARC21/slim http://www.loc.gov/standards/marcxml/schema/MARC21slim.xsd">
<leader>     nmb a2200000Iu 4500</leader>
<controlfield tag="008">"180331 2018                        eng  "</controlfield>
<datafield tag="022" ind1="#" ind2="#">
<subfield code="$a">2317-0190</subfield>
</datafield>
<datafield tag="022" ind1="#" ind2="#">
<subfield code="$a">0104-7795</subfield>
</datafield>
<datafield tag="042" ind1=" " ind2=" ">
<subfield code="a">dc</subfield>
</datafield>
<datafield tag="245" ind1="0" ind2="0">
<subfield code="a">O Short Physical Performance Battery é uma ferramenta discriminativa para identificar baixa qualidade de vida em mulheres na pós-menopausa sobreviventes do câncer ginecológico</subfield>
</datafield>  <datafield tag="720" ind1="1" ind2=" ">
<subfield code="a">Nunes, Paulo Ricardo Prado</subfield>
<subfield code="u">Universidade Federal do Triângulo Mineiro</subfield></datafield>
<datafield tag="720" ind1="1" ind2=" ">
<subfield code="a">Souza, Aletéia de Paula</subfield>
<subfield code="u">Universidade Federal do Triângulo Mineiro</subfield></datafield>
<datafield tag="720" ind1="1" ind2=" ">
<subfield code="a">Martins, Fernanda Maria</subfield>
<subfield code="u">Universidade Federal do Triângulo Mineiro</subfield></datafield>
<datafield tag="720" ind1="1" ind2=" ">
<subfield code="a">Oliveira, Anselmo Alves</subfield>
<subfield code="u">Universidade Federal do Triângulo Mineiro</subfield></datafield>
<datafield tag="720" ind1="1" ind2=" ">
<subfield code="a">Nomelini, Rosekeila Simões</subfield>
<subfield code="u">Universidade Federal do Triângulo Mineiro</subfield></datafield>
<datafield tag="720" ind1="1" ind2=" ">
<subfield code="a">Michelin, Márcia Antoniazi</subfield>
<subfield code="u">Universidade Federal do Triângulo Mineiro</subfield></datafield>
<datafield tag="720" ind1="1" ind2=" ">
<subfield code="a">Murta, Eddie Cândido</subfield>
<subfield code="u">Universidade Federal do Triângulo Mineiro</subfield></datafield>
<datafield tag="720" ind1="1" ind2=" ">
<subfield code="a">Orsatti, Fábio Lera</subfield>
<subfield code="u">Universidade Federal do Triângulo Mineiro</subfield></datafield>
<datafield tag="520" ind1=" " ind2=" ">
<subfield code="a"> Adverse events due to cancer treatment (changes in weight, reduced muscle capacity and mobility) hinder the quality of life (QoL) of cancer survivors. Nevertheless, the identification of discriminative predictors of QoL in post-menopausal women (PW) survivors of gynecological cancer (PW-SGC) has been ignored. Objective: The purpose of the present study was to examine the role of muscle capacity, mobility and body mass index (BMI) on the deterioration of QoL in PW (n = 35; 62.1 ± 8.2 years) and PW-SGC (n = 51; 60.8 ± 11.4 years). Methods: The QoL questionnaire (SF-36), anthropometrical evaluation (BMI), hand-held dynamometry (HHD) and short physical performance battery (SPPB) were applied in all volunteers. Results: The participants had overweight, low SF-36 scores and normal HHD, and no significant differences were found between both groups, however the SPPB score was higher in the PW group (p &lt; 0.001). Linear regression analyses for QoL indicated the BMI (beta = -0.27) and the SPPB (beta = 0.57) were the strongest and most significant predictors in PW and PW-SGC, respectively. The area under the curve (AUC) for the SPPB score was 0.74 (95% CI: 0.57-0.87; P = 0.015) in the PW-SGC group and 0.62 (95% CI: 0.47-0.75; P = 0.181) in PW. Conclusion: The present study showed that the importance of BMI and mobility (SPPB) for QoL differ between PW and PW-SGC. For PW-SGC, the strongest independent predictor of QoL was mobility (SPPB), whereas BMI was the strongest contributor in PW. Moreover, the SPPB test is a discriminative predictor (or assessment tool) for identifying the low quality of life in postmenopausal women survivors of gynecological cancer. </subfield>
</datafield>
<datafield tag="260" ind1=" " ind2=" ">
<subfield code="b">Faculdade de Medicina, Universidade de São Paulo</subfield>
</datafield>
<dataField tag="260" ind1=" " ind2=" ">
<subfield code="c">2018-03-31 00:00:00</subfield>
</dataField>   <datafield tag="856" ind1=" " ind2=" ">
<subfield code="q">application/pdf</subfield>
</datafield>
<datafield tag="856" ind1="4" ind2="0">
<subfield code="u">https://www.revistas.usp.br/actafisiatrica/article/view/158830</subfield>
</datafield>  <datafield tag="786" ind1="0" ind2=" ">
<subfield code="n">Acta Fisiátrica; v. 25 n. 1 (2018)</subfield>
</datafield>  <datafield tag="546" ind1=" " ind2=" ">
<subfield code="a">eng</subfield>
</datafield>   <datafield tag="540" ind1=" " ind2=" ">
<subfield code="a">Copyright (c)  </subfield>
</datafield>
</record>
</metadata>
</record>