
<record>
<header>
<identifier>oai:revistas.usp.br:article/158832</identifier>
<datestamp>2019-11-20T14:47:36Z</datestamp>
<setSpec>actafisiatrica:Art.+Orig.</setSpec>
<setSpec>driver</setSpec>
</header>
<metadata>
<record xmlns="http://www.loc.gov/MARC21/slim" xmlns:xsi="http://www.w3.org/2001/XMLSchema-instance" xsi:schemaLocation="http://www.loc.gov/MARC21/slim http://www.loc.gov/standards/marcxml/schema/MARC21slim.xsd">
<leader>     nmb a2200000Iu 4500</leader>
<controlfield tag="008">"180331 2018                        eng  "</controlfield>
<datafield tag="022" ind1="#" ind2="#">
<subfield code="$a">2317-0190</subfield>
</datafield>
<datafield tag="022" ind1="#" ind2="#">
<subfield code="$a">0104-7795</subfield>
</datafield>
<datafield tag="042" ind1=" " ind2=" ">
<subfield code="a">dc</subfield>
</datafield>
<datafield tag="245" ind1="0" ind2="0">
<subfield code="a">Síndrome de Burnout em fisioterapeutas de um hospital público de alta complexidade da cidade do Recife, Pernambuco</subfield>
</datafield>  <datafield tag="720" ind1="1" ind2=" ">
<subfield code="a">Santos, Ericky Rafael</subfield>
<subfield code="u">Instituto Pernambucano de Ensino Superior</subfield></datafield>
<datafield tag="720" ind1="1" ind2=" ">
<subfield code="a">Neri, Luana Valeriano</subfield>
<subfield code="u">Faculdade do Recife</subfield></datafield>
<datafield tag="720" ind1="1" ind2=" ">
<subfield code="a">Wanderley, Elaine Lima Silva</subfield>
<subfield code="u">Instituto Pernambucano de Ensino Superior</subfield></datafield>
<datafield tag="520" ind1=" " ind2=" ">
<subfield code="a"> Por serem expostos às inadequadas condições de trabalho, os Fisioterapeutas podem desenvolver a síndrome de Burnout (SB), que é uma resposta ao estresse crônico associado ao ambiente ocupacional. Objetivo: Investigar a frequência da SB em Fisioterapeutas de um hospital público, verificando associações com variáveis demográficas e laborais. Métodos: Este estudo foi desenvolvido no Hospital da Restauração Governador Paulo Guerra, em 2015. Foram incluídos Fisioterapeutas atuantes no hospital e excluídos aqueles com história de depressão ou outros transtornos emocionais. O questionário autoaplicável Maslach Burnout Inventory foi utilizado para investigar a SB. Estatística descritiva foi utilizada para caracterizar a amostra e determinar a frequência da SB, a regressão multivariada foi utilizada para verificar relações entre a SB e as variáveis demográficas e laborais (p&lt;0,05). Resultados: Participaram deste estudo 48 fisioterapeutas. A maioria atuava nas unidades de terapia intensiva (56,3% (N=27)). A presença da SB foi identificada em 54,2% (N=26) dos participantes. Foram observadas correlações entre o número de atendimentos diários e a exaustão emocional (r= 0,41) e com a realização pessoal (r= -0,30), e da idade com a despersonalização (r= -0,11). Conclusão: A SB foi verificada em mais da metade dos Fisioterapeutas. Correlações positivas foram observadas entre o número de atendimentos diários e a exaustão emocional e correlação negativa entre a idade com despersonalização e número de atendimentos diários com a realização pessoal. </subfield>
</datafield>
<datafield tag="260" ind1=" " ind2=" ">
<subfield code="b">Faculdade de Medicina, Universidade de São Paulo</subfield>
</datafield>
<dataField tag="260" ind1=" " ind2=" ">
<subfield code="c">2018-03-31 00:00:00</subfield>
</dataField>   <datafield tag="856" ind1=" " ind2=" ">
<subfield code="q">application/pdf</subfield>
</datafield>
<datafield tag="856" ind1=" " ind2=" ">
<subfield code="q">application/pdf</subfield>
</datafield>
<datafield tag="856" ind1="4" ind2="0">
<subfield code="u">https://www.revistas.usp.br/actafisiatrica/article/view/158832</subfield>
</datafield>  <datafield tag="786" ind1="0" ind2=" ">
<subfield code="n">Acta Fisiátrica; v. 25 n. 1 (2018)</subfield>
</datafield>  <datafield tag="546" ind1=" " ind2=" ">
<subfield code="a">por</subfield>
</datafield>   <datafield tag="540" ind1=" " ind2=" ">
<subfield code="a">Copyright (c)  </subfield>
</datafield>
</record>
</metadata>
</record>