
<record>
<header>
<identifier>oai:revistas.usp.br:article/158833</identifier>
<datestamp>2019-11-20T14:47:36Z</datestamp>
<setSpec>actafisiatrica:Art.+Orig.</setSpec>
<setSpec>driver</setSpec>
</header>
<metadata>
<record xmlns="http://www.loc.gov/MARC21/slim" xmlns:xsi="http://www.w3.org/2001/XMLSchema-instance" xsi:schemaLocation="http://www.loc.gov/MARC21/slim http://www.loc.gov/standards/marcxml/schema/MARC21slim.xsd">
<leader>     nmb a2200000Iu 4500</leader>
<controlfield tag="008">"180331 2018                        eng  "</controlfield>
<datafield tag="022" ind1="#" ind2="#">
<subfield code="$a">2317-0190</subfield>
</datafield>
<datafield tag="022" ind1="#" ind2="#">
<subfield code="$a">0104-7795</subfield>
</datafield>
<datafield tag="042" ind1=" " ind2=" ">
<subfield code="a">dc</subfield>
</datafield>
<datafield tag="245" ind1="0" ind2="0">
<subfield code="a">Complicações intra-hospitalares em pacientes com lesão medular traumática aguda</subfield>
</datafield>  <datafield tag="720" ind1="1" ind2=" ">
<subfield code="a">Leite, Victor Figueiredo</subfield>
<subfield code="u">Instituto de Medicina Física e Reabilitação, Hospital das Clinicas</subfield></datafield>
<datafield tag="720" ind1="1" ind2=" ">
<subfield code="a">Souza, Daniel Rubio de</subfield>
<subfield code="u">Instituto de Medicina Física e Reabilitação, Hospital das Clinicas</subfield></datafield>
<datafield tag="720" ind1="1" ind2=" ">
<subfield code="a">Imamura, Marta</subfield>
<subfield code="u">Instituto de Medicina Física e Reabilitação, Hospital das Clinicas</subfield><subfield code="0">https://orcid.org/0000-0003-0355-9697</subfield></datafield>
<datafield tag="720" ind1="1" ind2=" ">
<subfield code="a">Battistella, Linamara Rizzo</subfield>
<subfield code="u">Faculdade de Medicina, Universidade de São Paulo</subfield><subfield code="0">https://orcid.org/0000-0001-5275-0733</subfield></datafield>
<datafield tag="520" ind1=" " ind2=" ">
<subfield code="a"> There is scarce data about intra-hospital complications in acute traumatic spinal cord injury (TSCI). Objective: To report characteristics of complications in patients with TSCI in a major trauma center. Method: This is a cross-sectional study with 434 patients with acute TSCI from 2004 to 2014. Outcomes were frequency and description of complications, length of hospital stay (LOS), and causes of increased LOS. Results: Patients presented at least 1 complication in 82.2% of the cases: urinary tract infection (UTI) = 64.4%, pressure ulcers (PU) = 50.6%, and pneumonia = 23.7%. Pneumonia, intubation and cases of surgical corrections for PU were independently associated with increased LOS. Conclusion: UTIs and PUs were the most frequent complications. Investigating its causes and consequences is paramount in the care of patients with SCI. Possible reasons for such complications could comprise time, and frequency of repositioning in bed. Investigating intra-hospital complications is paramount in SCI centers. </subfield>
</datafield>
<datafield tag="260" ind1=" " ind2=" ">
<subfield code="b">Faculdade de Medicina, Universidade de São Paulo</subfield>
</datafield>
<dataField tag="260" ind1=" " ind2=" ">
<subfield code="c">2018-03-31 00:00:00</subfield>
</dataField>   <datafield tag="856" ind1=" " ind2=" ">
<subfield code="q">application/pdf</subfield>
</datafield>
<datafield tag="856" ind1="4" ind2="0">
<subfield code="u">https://www.revistas.usp.br/actafisiatrica/article/view/158833</subfield>
</datafield>  <datafield tag="786" ind1="0" ind2=" ">
<subfield code="n">Acta Fisiátrica; v. 25 n. 1 (2018)</subfield>
</datafield>  <datafield tag="546" ind1=" " ind2=" ">
<subfield code="a">eng</subfield>
</datafield>   <datafield tag="540" ind1=" " ind2=" ">
<subfield code="a">Copyright (c)  </subfield>
</datafield>
</record>
</metadata>
</record>