
<record>
<header>
<identifier>oai:revistas.usp.br:article/158836</identifier>
<datestamp>2019-11-20T14:47:36Z</datestamp>
<setSpec>actafisiatrica:Art.+Rev.</setSpec>
<setSpec>driver</setSpec>
</header>
<metadata>
<record xmlns="http://www.loc.gov/MARC21/slim" xmlns:xsi="http://www.w3.org/2001/XMLSchema-instance" xsi:schemaLocation="http://www.loc.gov/MARC21/slim http://www.loc.gov/standards/marcxml/schema/MARC21slim.xsd">
<leader>     nmb a2200000Iu 4500</leader>
<controlfield tag="008">"180331 2018                        eng  "</controlfield>
<datafield tag="022" ind1="#" ind2="#">
<subfield code="$a">2317-0190</subfield>
</datafield>
<datafield tag="022" ind1="#" ind2="#">
<subfield code="$a">0104-7795</subfield>
</datafield>
<datafield tag="042" ind1=" " ind2=" ">
<subfield code="a">dc</subfield>
</datafield>
<datafield tag="245" ind1="0" ind2="0">
<subfield code="a">A prática da capoeira por pessoas com síndrome de Down: uma revisão da literatura</subfield>
</datafield>  <datafield tag="720" ind1="1" ind2=" ">
<subfield code="a">Teixeira, Barbara Vilar</subfield>
<subfield code="u">Instituto de Medicina Física e Reabilitação do Hospital das Clínicas</subfield></datafield>
<datafield tag="720" ind1="1" ind2=" ">
<subfield code="a">Mota, Cristiane Gonçalves da</subfield>
<subfield code="u">Instituto de Medicina Física e Reabilitação do Hospital das Clínicas</subfield><subfield code="0">https://orcid.org/0000-0001-8596-8712</subfield></datafield>
<datafield tag="520" ind1=" " ind2=" ">
<subfield code="a"> A Síndrome de Down (SD) é caracterizada pela presença de um cromossomo 21 extra, o que estabelece atraso no desenvolvimento psicomotor. A capoeira é uma prática corporal que tem como principal característica o controle do corpo, realizada por meio de atividades de coordenação motora, resistência aeróbia e muscular, ritmo e velocidade. Programas de atividade física como a capoeira, adaptada às pessoas com síndrome de Down, buscam auxiliar no desenvolvimento ou na melhora das capacidades físicas e habilidades motoras de seus praticantes. Objetivo: Encontrar estudos que propuseram a prática da capoeira por pessoas com SD, e verificar quais os resultados alcançados. Métodos: Foram realizadas pesquisas nas bases de dados Medline, SciELO, PUBMED, Lilacs, Bireme e Dedalus. Os descritores utilizados foram: síndrome de Down, deficiência intelectual, capoeira, atividade física, nos idiomas português e inglês, além de livros com publicações no período de 2007-2014. Resultados: Nove artigos incluídos nessa revisão da literatura. Conclusão: Verificou-se que as pessoas com síndrome de Down que praticavam capoeira obtiveram melhora no equilíbrio postural, coordenação motora e cognição e que também, essas pessoas tornaram-se mais independentes nas atividades cotidianas. </subfield>
</datafield>
<datafield tag="260" ind1=" " ind2=" ">
<subfield code="b">Faculdade de Medicina, Universidade de São Paulo</subfield>
</datafield>
<dataField tag="260" ind1=" " ind2=" ">
<subfield code="c">2018-03-31 00:00:00</subfield>
</dataField>   <datafield tag="856" ind1=" " ind2=" ">
<subfield code="q">application/pdf</subfield>
</datafield>
<datafield tag="856" ind1=" " ind2=" ">
<subfield code="q">application/pdf</subfield>
</datafield>
<datafield tag="856" ind1="4" ind2="0">
<subfield code="u">https://www.revistas.usp.br/actafisiatrica/article/view/158836</subfield>
</datafield>  <datafield tag="786" ind1="0" ind2=" ">
<subfield code="n">Acta Fisiátrica; v. 25 n. 1 (2018)</subfield>
</datafield>  <datafield tag="546" ind1=" " ind2=" ">
<subfield code="a">por</subfield>
</datafield>   <datafield tag="540" ind1=" " ind2=" ">
<subfield code="a">Copyright (c) 2018 Acta Fisiátrica</subfield>
</datafield>
</record>
</metadata>
</record>