
<record>
<header>
<identifier>oai:revistas.usp.br:article/158838</identifier>
<datestamp>2019-11-20T14:47:36Z</datestamp>
<setSpec>actafisiatrica:Rel.+Caso</setSpec>
<setSpec>driver</setSpec>
</header>
<metadata>
<record xmlns="http://www.loc.gov/MARC21/slim" xmlns:xsi="http://www.w3.org/2001/XMLSchema-instance" xsi:schemaLocation="http://www.loc.gov/MARC21/slim http://www.loc.gov/standards/marcxml/schema/MARC21slim.xsd">
<leader>     nmb a2200000Iu 4500</leader>
<controlfield tag="008">"180331 2018                        eng  "</controlfield>
<datafield tag="022" ind1="#" ind2="#">
<subfield code="$a">2317-0190</subfield>
</datafield>
<datafield tag="022" ind1="#" ind2="#">
<subfield code="$a">0104-7795</subfield>
</datafield>
<datafield tag="042" ind1=" " ind2=" ">
<subfield code="a">dc</subfield>
</datafield>
<datafield tag="245" ind1="0" ind2="0">
<subfield code="a">Elastofibroma dorsi bilateral - reabilitação num tumor incomum: relato de caso</subfield>
</datafield>  <datafield tag="720" ind1="1" ind2=" ">
<subfield code="a">Saavedra, Mariana Brochado Coelho</subfield>
<subfield code="u">Hospital Senhora da Oliveira</subfield></datafield>
<datafield tag="720" ind1="1" ind2=" ">
<subfield code="a">Silva, André Maia</subfield>
<subfield code="u">Hospital Senhora da Oliveira</subfield></datafield>
<datafield tag="720" ind1="1" ind2=" ">
<subfield code="a">Pontinha, Marco Paulo Rodrigues</subfield>
<subfield code="u">Hospital Privado de Alfena</subfield></datafield>
<datafield tag="520" ind1=" " ind2=" ">
<subfield code="a"> Elastofibroma are rare, slow-growing, soft tissue benign tumors that originate from mesenchymal tissue. We report an 85-year-old male patient with the diagnosis of bilateral elastofibroma dorsi whose symptoms were bilateral chronic pain in the thoracic spine and limitation of shoulder range of motion. The proposed treatment consisted of a rehabilitation program in our department mainly focused on pain management and postural reeducation of the scapulohumeral rhythm, with great improvements namely on the anterior extension and abduction of the shoulder and with no pain at the 6-month post-treatment reevaluation. This shows an important role of Physical Medicine and Rehabilitation in the management of patients with these rare tumors. </subfield>
</datafield>
<datafield tag="260" ind1=" " ind2=" ">
<subfield code="b">Faculdade de Medicina, Universidade de São Paulo</subfield>
</datafield>
<dataField tag="260" ind1=" " ind2=" ">
<subfield code="c">2018-03-31 00:00:00</subfield>
</dataField>   <datafield tag="856" ind1=" " ind2=" ">
<subfield code="q">application/pdf</subfield>
</datafield>
<datafield tag="856" ind1="4" ind2="0">
<subfield code="u">https://www.revistas.usp.br/actafisiatrica/article/view/158838</subfield>
</datafield>  <datafield tag="786" ind1="0" ind2=" ">
<subfield code="n">Acta Fisiátrica; v. 25 n. 1 (2018)</subfield>
</datafield>  <datafield tag="546" ind1=" " ind2=" ">
<subfield code="a">eng</subfield>
</datafield>   <datafield tag="540" ind1=" " ind2=" ">
<subfield code="a">Copyright (c) 2018 Acta Fisiátrica</subfield>
</datafield>
</record>
</metadata>
</record>