
<record>
<header>
<identifier>oai:revistas.usp.br:article/162559</identifier>
<datestamp>2019-11-21T16:33:50Z</datestamp>
<setSpec>actafisiatrica:Art.+Orig.</setSpec>
<setSpec>driver</setSpec>
</header>
<metadata>
<record xmlns="http://www.loc.gov/MARC21/slim" xmlns:xsi="http://www.w3.org/2001/XMLSchema-instance" xsi:schemaLocation="http://www.loc.gov/MARC21/slim http://www.loc.gov/standards/marcxml/schema/MARC21slim.xsd">
<leader>     nmb a2200000Iu 4500</leader>
<controlfield tag="008">"180630 2018                        eng  "</controlfield>
<datafield tag="022" ind1="#" ind2="#">
<subfield code="$a">2317-0190</subfield>
</datafield>
<datafield tag="022" ind1="#" ind2="#">
<subfield code="$a">0104-7795</subfield>
</datafield>
<datafield tag="042" ind1=" " ind2=" ">
<subfield code="a">dc</subfield>
</datafield>
<datafield tag="245" ind1="0" ind2="0">
<subfield code="a">Qualidade de vida em pacientes adultos com paralisia cerebral</subfield>
</datafield>  <datafield tag="720" ind1="1" ind2=" ">
<subfield code="a">Mendes, Ana Paula Oliveira</subfield>
<subfield code="u">Universidade Federal de São Paulo</subfield></datafield>
<datafield tag="720" ind1="1" ind2=" ">
<subfield code="a">Binha, Anny Michelly Paquier</subfield>
<subfield code="u">Associação de Assistência à Criança Deficiente</subfield></datafield>
<datafield tag="720" ind1="1" ind2=" ">
<subfield code="a">Silveira, Valéria Cassefo</subfield>
<subfield code="u">Associação de Assistência à Criança Deficiente</subfield></datafield>
<datafield tag="520" ind1=" " ind2=" ">
<subfield code="a"> Paralisia cerebral (PC) é um grupo de desordens permanentes do desenvolvimento motor e postural que são atribuídas a distúrbios não progressivos que ocorreram no encéfalo em desenvolvimento. Diversos fatores podem interferir na qualidade de vida desses pacientes e com o aumento da longevidade é importante prevenir e intervir precocemente nos aspectos que comprometem a qualidade de vida. Objetivo: Verificar como os pacientes adultos com PC atendidos no ambulatório da AACD auto avaliam sua atual condição de saúde e correlacionar com alguns fatores que interferem na qualidade de vida dessa população. Método: Foi aplicado um questionário de triagem para avaliação de qualidade de vida dos pacientes via telefone (CDC HRQOL-4) e foi preenchido um protocolo de avaliação utilizando o prontuário. A coleta de dados foi realizada do dia 13 de março até 30 de junho de 2016. Realizada a análise estatística dos dados. Resultados: Foram atendidos 349 pacientes e 66 pacientes que obedeciam aos critérios de inclusão responderam ao questionário via telefone. A idade média geral foi de 26,5 anos. A divisão por sexo foi igual (50%); a idade máxima foi de 52 anos. Houve predomínio de pacientes com diparesia espástica para ambos os sexos (57,5% para mulheres e 54,5% para os homens). Entre as mulheres, 77,5% não estava praticando nenhuma atividade. No geral, 19,7% referiram alguma dor crônica e 31,8% tiveram queixa de alteração de humor nos últimos 30 dias. Na auto avaliação sobre a saúde em geral, 25,8% referiu estar excelente e apenas 10,6% regular. A maioria era solteiro(a), não tinha filhos e morava com a família (pais e irmãos). Conclusão: Os pacientes adultos com PC atendidos no ambulatório da AACD Ibirapuera são predominantemente adultos jovens, solteiros e que estão vivendo com seus familiares. Em geral, eles referem ter uma saúde muito boa ou excelente e menos de 20% convive com alguma dor crônica, mas esta não interfere nas atividades do cotidiano. Já em relação às alterações de humor, mais de um terço referiu ter estresse, tristeza ou ansiedade, mas também não tem forte influência na sua qualidade de vida. </subfield>
</datafield>
<datafield tag="260" ind1=" " ind2=" ">
<subfield code="b">Faculdade de Medicina, Universidade de São Paulo</subfield>
</datafield>
<dataField tag="260" ind1=" " ind2=" ">
<subfield code="c">2018-06-30 00:00:00</subfield>
</dataField>   <datafield tag="856" ind1=" " ind2=" ">
<subfield code="q">application/pdf</subfield>
</datafield>
<datafield tag="856" ind1=" " ind2=" ">
<subfield code="q">application/pdf</subfield>
</datafield>
<datafield tag="856" ind1="4" ind2="0">
<subfield code="u">https://www.revistas.usp.br/actafisiatrica/article/view/162559</subfield>
</datafield>  <datafield tag="786" ind1="0" ind2=" ">
<subfield code="n">Acta Fisiátrica; v. 25 n. 2 (2018)</subfield>
</datafield>  <datafield tag="546" ind1=" " ind2=" ">
<subfield code="a">por</subfield>
</datafield>   <datafield tag="540" ind1=" " ind2=" ">
<subfield code="a">Copyright (c)  </subfield>
</datafield>
</record>
</metadata>
</record>