
<record>
<header>
<identifier>oai:revistas.usp.br:article/162566</identifier>
<datestamp>2019-11-21T16:33:50Z</datestamp>
<setSpec>actafisiatrica:Art.+Orig.</setSpec>
<setSpec>driver</setSpec>
</header>
<metadata>
<record xmlns="http://www.loc.gov/MARC21/slim" xmlns:xsi="http://www.w3.org/2001/XMLSchema-instance" xsi:schemaLocation="http://www.loc.gov/MARC21/slim http://www.loc.gov/standards/marcxml/schema/MARC21slim.xsd">
<leader>     nmb a2200000Iu 4500</leader>
<controlfield tag="008">"180630 2018                        eng  "</controlfield>
<datafield tag="022" ind1="#" ind2="#">
<subfield code="$a">2317-0190</subfield>
</datafield>
<datafield tag="022" ind1="#" ind2="#">
<subfield code="$a">0104-7795</subfield>
</datafield>
<datafield tag="042" ind1=" " ind2=" ">
<subfield code="a">dc</subfield>
</datafield>
<datafield tag="245" ind1="0" ind2="0">
<subfield code="a">Perfil da resiliência em indivíduos com amputação de membro inferior</subfield>
</datafield>  <datafield tag="720" ind1="1" ind2=" ">
<subfield code="a">Paz, Maressa Gonçalves da</subfield>
<subfield code="u">Centro Estadual de Reabilitação e Readaptação Doutor Henrique Santillo</subfield><subfield code="0">https://orcid.org/0000-0002-4352-6091</subfield></datafield>
<datafield tag="720" ind1="1" ind2=" ">
<subfield code="a">Souza, Juliana Caldas de</subfield>
<subfield code="u">Centro Estadual de Reabilitação e Readaptação Doutor Henrique Santillo</subfield></datafield>
<datafield tag="720" ind1="1" ind2=" ">
<subfield code="a">Oliveira, Fernanda Miranda de</subfield>
<subfield code="u">Centro Estadual de Reabilitação e Readaptação Doutor Henrique Santillo</subfield></datafield>
<datafield tag="520" ind1=" " ind2=" ">
<subfield code="a"> Objetivo: Identificar o perfil sociodemográfico dos amputados de membro inferior bem como, os níveis e os fatores da resiliência. Método: Trata-se de um estudo descritivo, quantitativo e transversal. Os dados foram coletados através de um questionário semiestruturado após aprovação pelo Comitê de Ética e Pesquisa. O período de coleta foi entre Setembro a Novembro de 2017 no ambulatório do Centro Estadual de Reabilitação e Readaptação de Goiânia – Goiás. Os dados foram apresentados em frequências, média e desvio padrão. Resultados: Verificou-se que os indivíduos resilientes tinham amputação acima do joelho (44%), de etiologia traumática (30,1%), não receberam orientação após a amputação (41,5%) e utilizam as muletas como principal dispositivo auxiliar na locomoção (49%). Houve uma predominância da resiliência moderada 33 (62,2%) e de respostas do tipo concordo para os fatores I e III da escala de resiliência. Para o fator II houve semelhança nas respostas do tipo nem concordo e nem discordo e do tipo concordo. Discussão: Amputação acima do nível do joelho, etiologia traumática e ausência de orientação quanto aos cuidados com o coto foram predominantes nos indivíduos resilientes tais características estão associadas a um maior grau de incapacidade, cuidados inadequados com o coto, stress e depressão. Acredita-se que condições adversas pode influenciar positivamente a resiliência graças a capacidade de ajustamento e adaptação do indivíduo. Conclusão: A resiliência moderada evidencia que os amputados possuem estratégias de enfretamento positivas, porém e necessário realizar programas de treinamento a fim de promover melhor independência e determinação. </subfield>
</datafield>
<datafield tag="260" ind1=" " ind2=" ">
<subfield code="b">Faculdade de Medicina, Universidade de São Paulo</subfield>
</datafield>
<dataField tag="260" ind1=" " ind2=" ">
<subfield code="c">2018-06-30 00:00:00</subfield>
</dataField>   <datafield tag="856" ind1=" " ind2=" ">
<subfield code="q">application/pdf</subfield>
</datafield>
<datafield tag="856" ind1=" " ind2=" ">
<subfield code="q">application/pdf</subfield>
</datafield>
<datafield tag="856" ind1="4" ind2="0">
<subfield code="u">https://www.revistas.usp.br/actafisiatrica/article/view/162566</subfield>
</datafield>  <datafield tag="786" ind1="0" ind2=" ">
<subfield code="n">Acta Fisiátrica; v. 25 n. 2 (2018)</subfield>
</datafield>  <datafield tag="546" ind1=" " ind2=" ">
<subfield code="a">por</subfield>
</datafield>   <datafield tag="540" ind1=" " ind2=" ">
<subfield code="a">Copyright (c)  </subfield>
</datafield>
</record>
</metadata>
</record>