
<record>
<header>
<identifier>oai:revistas.usp.br:article/162567</identifier>
<datestamp>2019-11-21T16:33:50Z</datestamp>
<setSpec>actafisiatrica:Art.+Rev.</setSpec>
<setSpec>driver</setSpec>
</header>
<metadata>
<record xmlns="http://www.loc.gov/MARC21/slim" xmlns:xsi="http://www.w3.org/2001/XMLSchema-instance" xsi:schemaLocation="http://www.loc.gov/MARC21/slim http://www.loc.gov/standards/marcxml/schema/MARC21slim.xsd">
<leader>     nmb a2200000Iu 4500</leader>
<controlfield tag="008">"180630 2018                        eng  "</controlfield>
<datafield tag="022" ind1="#" ind2="#">
<subfield code="$a">2317-0190</subfield>
</datafield>
<datafield tag="022" ind1="#" ind2="#">
<subfield code="$a">0104-7795</subfield>
</datafield>
<datafield tag="042" ind1=" " ind2=" ">
<subfield code="a">dc</subfield>
</datafield>
<datafield tag="245" ind1="0" ind2="0">
<subfield code="a">Análise dos parâmetros espaço-temporais da marcha em indivíduos com disfunção neurológica tratados com prática mental: uma revisão sistemática</subfield>
</datafield>  <datafield tag="720" ind1="1" ind2=" ">
<subfield code="a">Silva, Taís Arcanjo Maropo da</subfield>
<subfield code="u">Centro Universitário Joaquim Nabuco – UNINABUCO</subfield></datafield>
<datafield tag="720" ind1="1" ind2=" ">
<subfield code="a">Silva, Liliane Pereira da</subfield>
<subfield code="u">Centro Universitário UniFavip Wyden</subfield></datafield>
<datafield tag="720" ind1="1" ind2=" ">
<subfield code="a">Faccio, Patrícia Fernanda</subfield>
<subfield code="u">Centro Universitário Joaquim Nabuco – UNINABUCO</subfield></datafield>
<datafield tag="720" ind1="1" ind2=" ">
<subfield code="a">Silva, Kássia Maria Clemente da</subfield>
<subfield code="u">Universidade Federal de Pernambuco – UFPE</subfield><subfield code="0">https://orcid.org/0000-0002-4945-2943</subfield></datafield>
<datafield tag="720" ind1="1" ind2=" ">
<subfield code="a">Arruda, Andryelle Rayane de Vasconcelos</subfield>
<subfield code="u">Universidade Federal de Pernambuco – UFPE</subfield></datafield>
<datafield tag="720" ind1="1" ind2=" ">
<subfield code="a">Silva, Letícia do Nascimento</subfield>
<subfield code="u">Universidade Federal de Pernambuco – UFPE</subfield></datafield>
<datafield tag="720" ind1="1" ind2=" ">
<subfield code="a">Lins, Carla Cabral dos Santos Accioly</subfield>
<subfield code="u">Universidade Federal de Pernambuco – UFPE</subfield><subfield code="0">https://orcid.org/0000-0002-1018-5331</subfield></datafield>
<datafield tag="720" ind1="1" ind2=" ">
<subfield code="a">Coriolano, Maria das Graças Wanderley de Sales</subfield>
<subfield code="u">Universidade Federal de Pernambuco – UFPE</subfield><subfield code="0">https://orcid.org/0000-0002-7937-7761</subfield></datafield>
<datafield tag="520" ind1=" " ind2=" ">
<subfield code="a"> A habilidade da marcha após uma patologia neurológica muitas vezes é prejudicada e limitada a curtas distâncias, sendo o tempo de caminhada, o comprimento do passo e a cadência inferiores às pessoas sem patologias ou deficiências conhecidas. Atualmente a prática mental vem sendo combinada ao contexto clínico, na reabilitação de pacientes com sequelas neurológicas, principalmente pós-Acidente Vascular Cerebral. Objetivo: Analisar os efeitos da prática mental, associada ou não a outras estratégias de intervenção, nos parâmetros espaço-temporais da marcha de pessoas com doenças neurológicas. Métodos: Trata-se de uma revisão sistemática da literatura sobre os parâmetros espaciais da marcha em pacientes com disfunção neurológica tratados com prática mental. As bases de dados pesquisadas foram Pubmed/Medline LILACS, Scopus, Web of Science e Cochrane. Resultados: A maioria dos estudos apresentou o Acidente Vascular cerebral como disfunção neurológica, seguidos de Doença de Parkinson, Lesão medular e Esclerose múltipla.  Os estudos selecionados apresentaram protocolos de prática mental associado à fisioterapia combinado ou não com outras estratégias de tratamento no grupo experimental dentre elas estimulação magnética transcraniana e estimulação auditiva rítmica. Dentre os parâmetros espaço-temporais da marcha a velocidade foi o parâmetro mais avaliado e o comprimento da passada o menos avaliado. Conclusão: A prática mental apresentou efeitos positivos nos parâmetros tempo, velocidade e cadência da marcha de pacientes com AVC. Poucos estudos limitam a interpretação dos resultados para doença de Parkinson, Esclerose múltipla e Lesão medular. </subfield>
</datafield>
<datafield tag="260" ind1=" " ind2=" ">
<subfield code="b">Faculdade de Medicina, Universidade de São Paulo</subfield>
</datafield>
<dataField tag="260" ind1=" " ind2=" ">
<subfield code="c">2018-06-30 00:00:00</subfield>
</dataField>   <datafield tag="856" ind1=" " ind2=" ">
<subfield code="q">application/pdf</subfield>
</datafield>
<datafield tag="856" ind1=" " ind2=" ">
<subfield code="q">application/pdf</subfield>
</datafield>
<datafield tag="856" ind1="4" ind2="0">
<subfield code="u">https://www.revistas.usp.br/actafisiatrica/article/view/162567</subfield>
</datafield>  <datafield tag="786" ind1="0" ind2=" ">
<subfield code="n">Acta Fisiátrica; v. 25 n. 2 (2018)</subfield>
</datafield>  <datafield tag="546" ind1=" " ind2=" ">
<subfield code="a">por</subfield>
</datafield>   <datafield tag="540" ind1=" " ind2=" ">
<subfield code="a">Copyright (c) 2018 Acta Fisiátrica</subfield>
</datafield>
</record>
</metadata>
</record>