
<record>
<header>
<identifier>oai:revistas.usp.br:article/162570</identifier>
<datestamp>2019-11-21T16:33:50Z</datestamp>
<setSpec>actafisiatrica:Art.+Rev.</setSpec>
<setSpec>driver</setSpec>
</header>
<metadata>
<record xmlns="http://www.loc.gov/MARC21/slim" xmlns:xsi="http://www.w3.org/2001/XMLSchema-instance" xsi:schemaLocation="http://www.loc.gov/MARC21/slim http://www.loc.gov/standards/marcxml/schema/MARC21slim.xsd">
<leader>     nmb a2200000Iu 4500</leader>
<controlfield tag="008">"180630 2018                        eng  "</controlfield>
<datafield tag="022" ind1="#" ind2="#">
<subfield code="$a">2317-0190</subfield>
</datafield>
<datafield tag="022" ind1="#" ind2="#">
<subfield code="$a">0104-7795</subfield>
</datafield>
<datafield tag="042" ind1=" " ind2=" ">
<subfield code="a">dc</subfield>
</datafield>
<datafield tag="245" ind1="0" ind2="0">
<subfield code="a">Confiabilidade das mensurações de testes isocinéticos para articulação do tornozelo</subfield>
</datafield>  <datafield tag="720" ind1="1" ind2=" ">
<subfield code="a">Luna, Natália Mariana Silva</subfield>
<subfield code="u">Laboratório do Estudo do Movimento, FMUSP</subfield></datafield>
<datafield tag="720" ind1="1" ind2=" ">
<subfield code="a">Alonso, Angélica Castilho</subfield>
<subfield code="u">Laboratório do Estudo do Movimento, FMUSP</subfield></datafield>
<datafield tag="720" ind1="1" ind2=" ">
<subfield code="a">Eliezer, Daniele</subfield>
<subfield code="u">Universidade São Judas Tadeu</subfield></datafield>
<datafield tag="720" ind1="1" ind2=" ">
<subfield code="a">Quintana, Marília Simões Lopes</subfield>
<subfield code="u">Universidade São Judas Tadeu</subfield></datafield>
<datafield tag="720" ind1="1" ind2=" ">
<subfield code="a">Borin, Gabriela</subfield>
<subfield code="u">Universidade São Judas Tadeu</subfield></datafield>
<datafield tag="720" ind1="1" ind2=" ">
<subfield code="a">Tarallo, Fernanda Botta</subfield>
<subfield code="u">Universidade São Judas Tadeu</subfield><subfield code="0">https://orcid.org/0000-0002-2932-4450</subfield></datafield>
<datafield tag="720" ind1="1" ind2=" ">
<subfield code="a">Canônica, Alexandra Carolina</subfield>
<subfield code="u">Universidade São Judas Tadeu</subfield></datafield>
<datafield tag="720" ind1="1" ind2=" ">
<subfield code="a">Greve, Júlia Maria D’Andréa</subfield>
<subfield code="u">Laboratório do Estudo do Movimento, FMUSP</subfield><subfield code="0">https://orcid.org/0000-0003-1778-0448</subfield></datafield>
<datafield tag="520" ind1=" " ind2=" ">
<subfield code="a"> O teste isocinético do tornozelo tem uma grande relevância, já que é possível estabelecer protocolos com velocidades e modos de contração semelhantes aos das atividades funcionais e esportivas. Desta forma, são necessários estudos que mostram a confiabilidade desta ferramenta para auxiliarem na prevenção de lesões do tornozelo. Objetivo: Elaborar uma revisão de literatura sobre estudos que abordaram a confiabilidade de testes isocinéticos da articulação do tornozelo. Métodos: A busca na literatura foi realizada nas bases de dados Pubmed, Lilacs, Pedro, Scielo, Scopus e Cochrane com os descritores científicos ankle e isokinetic e reliability. Foram identificados 34 artigos, 4 foram excluídos por não estudarem humanos e 27 foram incluídos (10 referentes à confiabilidade de testes isocinéticos para inversores e eversores do tornozelo e 17 referentes à confiabilidade de testes para flexores-plantares e dorsiflexores). Resultados: A confiabilidade da avaliação isocinética dos flexores-plantares e dorsiflexores tem sido descrita para diferentes dinamômetros, posições, modos e populações. Os valores de coeficientes de correlação intraclasse variam de 0,55-0,98; e a de eversores e inversores, variam de 0,54-0,99, classificados na faixa de satisfatório a excelente. Conclusão: Os protocolos isocinéticos da articulação do tornozelo devem ser elaborados de acordo com a musculatura recrutada e com a população (com presença ou não de patologia).  </subfield>
</datafield>
<datafield tag="260" ind1=" " ind2=" ">
<subfield code="b">Faculdade de Medicina, Universidade de São Paulo</subfield>
</datafield>
<dataField tag="260" ind1=" " ind2=" ">
<subfield code="c">2018-06-30 00:00:00</subfield>
</dataField>   <datafield tag="856" ind1=" " ind2=" ">
<subfield code="q">application/pdf</subfield>
</datafield>
<datafield tag="856" ind1="4" ind2="0">
<subfield code="u">https://www.revistas.usp.br/actafisiatrica/article/view/162570</subfield>
</datafield>  <datafield tag="786" ind1="0" ind2=" ">
<subfield code="n">Acta Fisiátrica; v. 25 n. 2 (2018)</subfield>
</datafield>  <datafield tag="546" ind1=" " ind2=" ">
<subfield code="a">por</subfield>
</datafield>   <datafield tag="540" ind1=" " ind2=" ">
<subfield code="a">Copyright (c)  </subfield>
</datafield>
</record>
</metadata>
</record>