
<record>
<header>
<identifier>oai:revistas.usp.br:article/162572</identifier>
<datestamp>2019-11-21T16:33:50Z</datestamp>
<setSpec>actafisiatrica:Art.+Orig.</setSpec>
<setSpec>driver</setSpec>
</header>
<metadata>
<record xmlns="http://www.loc.gov/MARC21/slim" xmlns:xsi="http://www.w3.org/2001/XMLSchema-instance" xsi:schemaLocation="http://www.loc.gov/MARC21/slim http://www.loc.gov/standards/marcxml/schema/MARC21slim.xsd">
<leader>     nmb a2200000Iu 4500</leader>
<controlfield tag="008">"180630 2018                        eng  "</controlfield>
<datafield tag="022" ind1="#" ind2="#">
<subfield code="$a">2317-0190</subfield>
</datafield>
<datafield tag="022" ind1="#" ind2="#">
<subfield code="$a">0104-7795</subfield>
</datafield>
<datafield tag="042" ind1=" " ind2=" ">
<subfield code="a">dc</subfield>
</datafield>
<datafield tag="245" ind1="0" ind2="0">
<subfield code="a">Qualidade de vida e avaliação antropométrica de professores de uma rede privada de ensino</subfield>
</datafield>  <datafield tag="720" ind1="1" ind2=" ">
<subfield code="a">Oliveira, Marcia Maria Hernandes de Abreu</subfield>
<subfield code="u">Centro Universitário Adventista de São Paulo – UNASP</subfield></datafield>
<datafield tag="720" ind1="1" ind2=" ">
<subfield code="a">Freitas, Bruna Andrade</subfield>
<subfield code="u">Hospital Municipal Dr. Moysés Deutsch</subfield></datafield>
<datafield tag="720" ind1="1" ind2=" ">
<subfield code="a">Silva, Keliane Galdino</subfield>
</datafield>
<datafield tag="720" ind1="1" ind2=" ">
<subfield code="a">Furgêncio, Gislene Kauffman</subfield>
<subfield code="u">Centro Universitário Adventista de São Paulo – UNASP</subfield></datafield>
<datafield tag="720" ind1="1" ind2=" ">
<subfield code="a">Portes, Leslie Andrews</subfield>
<subfield code="u">Centro Universitário Adventista de São Paulo – UNASP</subfield><subfield code="0">https://orcid.org/0000-0002-5638-4504</subfield></datafield>
<datafield tag="720" ind1="1" ind2=" ">
<subfield code="a">Kutz, Nyvian Alexandre</subfield>
<subfield code="u">Universidade de São Paulo – USP</subfield><subfield code="0">https://orcid.org/0000-0003-3905-9061</subfield></datafield>
<datafield tag="520" ind1=" " ind2=" ">
<subfield code="a"> Objetivo: Avaliar a associação entre a qualidade de vida (QV) e parâmetros antropométricos e de docência, de professores de uma rede privada de ensino de São Paulo. Métodos: Realizou-se estudo transversal descritivo com 107 professores, utilizando-se dois questionários autoaplicáveis, abordando aspectos sociodemográficos, variáveis da docência e de QV (World Health Organization Quality on Life Bref - WHOQOL-bref). Após o preenchimento, os sujeitos foram submetidos às medidas de peso, estatura, índice de massa corporal (IMC) e circunferência da cintura (CC). Resultados: Os professores tinham idade média de 38,2 ± 8,6 anos, 78,5% do sexo feminino, 78,5% casados, 74,8% pertencente à classe B. Todos os professores possuíam ensino superior completo, 64,5% até 10 anos de atuação, 88,8% trabalhavam mais de 20h/semana, 44,9% atuavam em dois turnos ou mais, 55,1% encontravam-se com excesso de peso, 71,1% em risco para doença metabólica e 84,1% consideravam sua QV boa ou muito boa. Nenhuma das variáveis antropométricas, de tempo de docência, de carga horária e da classe econômica, correlacionarem-se significantemente à QV. Correlações fracas, mas significantes, foram observadas entre o tempo de docência e IMC e CC (r=0,26 e r=-0,22, p&lt;0,05). Contudo, verificou-se significante associação (p&lt;0,05) da QV (&lt;71pontos: 35,6±7,9anos vs. ³71pontos: 40,0±9,0anos) com a idade, do IMC (&lt;25kg/m2: 59,0±7,4kg vs. ³25kg/m2: 80,3±15,0kg) com o peso e a circunferência da cintura (&lt;25kg/m2: 80,6±6,9cm vs. ³25kg/m2: 95,9±10,5cm). Conclusão: Embora a percepção da QV seja satisfatória, ela não se relacionou às variáveis antropométricas, sociodemográficas e de docência. Porém, o tempo de docência relacionou-se significantemente ao IMC e à CC. </subfield>
</datafield>
<datafield tag="260" ind1=" " ind2=" ">
<subfield code="b">Faculdade de Medicina, Universidade de São Paulo</subfield>
</datafield>
<dataField tag="260" ind1=" " ind2=" ">
<subfield code="c">2018-06-30 00:00:00</subfield>
</dataField>   <datafield tag="856" ind1=" " ind2=" ">
<subfield code="q">application/pdf</subfield>
</datafield>
<datafield tag="856" ind1=" " ind2=" ">
<subfield code="q">application/pdf</subfield>
</datafield>
<datafield tag="856" ind1="4" ind2="0">
<subfield code="u">https://www.revistas.usp.br/actafisiatrica/article/view/162572</subfield>
</datafield>  <datafield tag="786" ind1="0" ind2=" ">
<subfield code="n">Acta Fisiátrica; v. 25 n. 2 (2018)</subfield>
</datafield>  <datafield tag="546" ind1=" " ind2=" ">
<subfield code="a">por</subfield>
</datafield>   <datafield tag="540" ind1=" " ind2=" ">
<subfield code="a">Copyright (c)  </subfield>
</datafield>
</record>
</metadata>
</record>