
<record>
<header>
<identifier>oai:revistas.usp.br:article/162573</identifier>
<datestamp>2019-11-21T16:33:50Z</datestamp>
<setSpec>actafisiatrica:Art.+Orig.</setSpec>
<setSpec>driver</setSpec>
</header>
<metadata>
<record xmlns="http://www.loc.gov/MARC21/slim" xmlns:xsi="http://www.w3.org/2001/XMLSchema-instance" xsi:schemaLocation="http://www.loc.gov/MARC21/slim http://www.loc.gov/standards/marcxml/schema/MARC21slim.xsd">
<leader>     nmb a2200000Iu 4500</leader>
<controlfield tag="008">"180630 2018                        eng  "</controlfield>
<datafield tag="022" ind1="#" ind2="#">
<subfield code="$a">2317-0190</subfield>
</datafield>
<datafield tag="022" ind1="#" ind2="#">
<subfield code="$a">0104-7795</subfield>
</datafield>
<datafield tag="042" ind1=" " ind2=" ">
<subfield code="a">dc</subfield>
</datafield>
<datafield tag="245" ind1="0" ind2="0">
<subfield code="a">Considerações sobre instituições de reabilitação para crianças e adolescentes com deficiência no município do Rio de Janeiro</subfield>
</datafield>  <datafield tag="720" ind1="1" ind2=" ">
<subfield code="a">Borgneth, Livia Rangel Lopes</subfield>
<subfield code="u">Universidade Federal do Rio de Janeiro – UFRJ</subfield></datafield>
<datafield tag="720" ind1="1" ind2=" ">
<subfield code="a">Hassano, Alice Yuriko Shinohara</subfield>
<subfield code="u">Universidade Federal do Rio de Janeiro – UFRJ</subfield></datafield>
<datafield tag="720" ind1="1" ind2=" ">
<subfield code="a">Guedes, Luciane Gaspar</subfield>
<subfield code="u">Universidade Federal do Rio de Janeiro – UFRJ</subfield></datafield>
<datafield tag="720" ind1="1" ind2=" ">
<subfield code="a">Ribeiro, Márcia Gonçalves</subfield>
<subfield code="u">Universidade Federal do Rio de Janeiro – UFRJ</subfield></datafield>
<datafield tag="520" ind1=" " ind2=" ">
<subfield code="a"> Discussão a partir de dados extraídos da pesquisa “Estudo da oferta e análise de programas de reabilitação para a população infanto-juvenil com deficiência no Município do Rio de Janeiro”. Objetivo: Ampliar o conhecimento sobre as instituições que oferecem reabilitação para a população de crianças e adolescentes com deficiência. Método: Estudo descritivo tipo inquérito, por questionário, especificamente preparado para este fim. Resultados: A amostra composta por 7 (12,6%) instituições de ensino, 16 (29,6%) instituições pertencentes ao Sistema Único de Saúde (SUS) e 31 (57,41%) representam: 11 organizações não governamentais, 15 filantrópicas e 5 privadas conveniadas com o SUS e/ou Sistema único de Assistência Social (SUAS), mostrando que a maior parte dos atendimentos não ocorre na rede pública. Este dado sugere rotatividade de profissionais por falta de estabilidade e consequente descontinuidade de tratamento. Maioria das organizações, fora a rede pública, tem convênio com o SUAS, cuja missão é regular e organizar serviços, programas e benefícios socioassistenciais, o que pode levar ao não aproveitamento de avanços técnicos na área da saúde. Avaliações médicas especializadas e recursos como óculos, cadeira de rodas, andadores, mostraram não ser de fácil obtenção. Considerações sobre dificuldade para reabilitação são levantadas. Conclusão: O fato de que esta população quando reabilitada tem ampliada sua condição para participação ativa na sociedade, com consequente redução de custo e aumento do capital social é uma realidade. Ampliar conhecimentos sobre a gestão em reabilitação está se tornando cada vez mais premente, visto que avanços científicos e tecnológicos aliados a constantes conquistas sociais viabilizam, cada vez mais, inserção de pessoas que antes estariam restritas a uma vida de exclusão social. </subfield>
</datafield>
<datafield tag="260" ind1=" " ind2=" ">
<subfield code="b">Faculdade de Medicina, Universidade de São Paulo</subfield>
</datafield>
<dataField tag="260" ind1=" " ind2=" ">
<subfield code="c">2018-06-30 00:00:00</subfield>
</dataField>   <datafield tag="856" ind1=" " ind2=" ">
<subfield code="q">application/pdf</subfield>
</datafield>
<datafield tag="856" ind1=" " ind2=" ">
<subfield code="q">application/pdf</subfield>
</datafield>
<datafield tag="856" ind1="4" ind2="0">
<subfield code="u">https://www.revistas.usp.br/actafisiatrica/article/view/162573</subfield>
</datafield>  <datafield tag="786" ind1="0" ind2=" ">
<subfield code="n">Acta Fisiátrica; v. 25 n. 2 (2018)</subfield>
</datafield>  <datafield tag="546" ind1=" " ind2=" ">
<subfield code="a">por</subfield>
</datafield>   <datafield tag="540" ind1=" " ind2=" ">
<subfield code="a">Copyright (c)  </subfield>
</datafield>
</record>
</metadata>
</record>