
<record>
<header>
<identifier>oai:revistas.usp.br:article/162575</identifier>
<datestamp>2020-08-17T15:18:09Z</datestamp>
<setSpec>actafisiatrica:Art.+Orig.</setSpec>
<setSpec>driver</setSpec>
</header>
<metadata>
<record xmlns="http://www.loc.gov/MARC21/slim" xmlns:xsi="http://www.w3.org/2001/XMLSchema-instance" xsi:schemaLocation="http://www.loc.gov/MARC21/slim http://www.loc.gov/standards/marcxml/schema/MARC21slim.xsd">
<leader>     nmb a2200000Iu 4500</leader>
<controlfield tag="008">"180630 2018                        eng  "</controlfield>
<datafield tag="022" ind1="#" ind2="#">
<subfield code="$a">2317-0190</subfield>
</datafield>
<datafield tag="022" ind1="#" ind2="#">
<subfield code="$a">0104-7795</subfield>
</datafield>
<datafield tag="042" ind1=" " ind2=" ">
<subfield code="a">dc</subfield>
</datafield>
<datafield tag="245" ind1="0" ind2="0">
<subfield code="a">Função respiratória em pacientes com estenose lombar: uma análise comparativa</subfield>
</datafield>  <datafield tag="720" ind1="1" ind2=" ">
<subfield code="a">Chaves, Cláudia Valéria de Melo Pereira</subfield>
<subfield code="u">Faculdade de Ciências Médicas da Santa Casa de São Paulo – FCMSCSP</subfield><subfield code="0">https://orcid.org/0000-0001-8249-5286</subfield></datafield>
<datafield tag="720" ind1="1" ind2=" ">
<subfield code="a">Alves, Vera Lúcia dos Santos</subfield>
<subfield code="u">Faculdade de Ciências Médicas da Santa Casa de São Paulo – FCMSCSP</subfield></datafield>
<datafield tag="720" ind1="1" ind2=" ">
<subfield code="a">Meves, Robert</subfield>
<subfield code="u">Faculdade de Ciências Médicas da Santa Casa de São Paulo – FCMSCSP</subfield><subfield code="0">https://orcid.org/0000-0002-8695-3982</subfield></datafield>
<datafield tag="720" ind1="1" ind2=" ">
<subfield code="a">Caffaro, Maria Fernanda Silber</subfield>
<subfield code="u">Faculdade de Ciências Médicas da Santa Casa de São Paulo – FCMSCSP</subfield></datafield>
<datafield tag="520" ind1=" " ind2=" ">
<subfield code="a"> Degenerative diseases of the spine are conditions that involve loss of structure and normal function of the spine and may lead to worsening functional capacity, decreased exercise tolerance, and reduced quality of life due to neurogenic lameness and chronic low back pain. The choice of arthrodesis is due to the presence of evolutionary neurological injury or intractable pain. Objective: To analyze and compare spirometric values ​​and respiratory muscle strength in patients with lumbar stenosis. Method: Cross-sectional study with 38 patients of both sexes, divided into a group of 19 operated patients and another group of 19 patients awaiting surgery, aged between 50 and 80 years, who were evaluated by spirometry and manovacuometry. Results: In our study, it was observed that pulmonary function was within the reference values, considering that the group of operated patients presented better performance in spirometry and manovacuometry. Conclusion: operated patients showed improvement in lung function compared to non-operated patients. </subfield>
</datafield>
<datafield tag="260" ind1=" " ind2=" ">
<subfield code="b">Faculdade de Medicina, Universidade de São Paulo</subfield>
</datafield>
<dataField tag="260" ind1=" " ind2=" ">
<subfield code="c">2018-06-30 00:00:00</subfield>
</dataField>   <datafield tag="856" ind1=" " ind2=" ">
<subfield code="q">application/pdf</subfield>
</datafield>
<datafield tag="856" ind1="4" ind2="0">
<subfield code="u">https://www.revistas.usp.br/actafisiatrica/article/view/162575</subfield>
</datafield>  <datafield tag="786" ind1="0" ind2=" ">
<subfield code="n">Acta Fisiátrica; v. 25 n. 2 (2018)</subfield>
</datafield>  <datafield tag="546" ind1=" " ind2=" ">
<subfield code="a">eng</subfield>
</datafield>   <datafield tag="540" ind1=" " ind2=" ">
<subfield code="a">Copyright (c) 2018 Acta Fisiátrica</subfield>
</datafield>
</record>
</metadata>
</record>