
<record>
<header>
<identifier>oai:revistas.usp.br:article/162576</identifier>
<datestamp>2019-11-21T16:33:50Z</datestamp>
<setSpec>actafisiatrica:Art.+Orig.</setSpec>
<setSpec>driver</setSpec>
</header>
<metadata>
<record xmlns="http://www.loc.gov/MARC21/slim" xmlns:xsi="http://www.w3.org/2001/XMLSchema-instance" xsi:schemaLocation="http://www.loc.gov/MARC21/slim http://www.loc.gov/standards/marcxml/schema/MARC21slim.xsd">
<leader>     nmb a2200000Iu 4500</leader>
<controlfield tag="008">"180630 2018                        eng  "</controlfield>
<datafield tag="022" ind1="#" ind2="#">
<subfield code="$a">2317-0190</subfield>
</datafield>
<datafield tag="022" ind1="#" ind2="#">
<subfield code="$a">0104-7795</subfield>
</datafield>
<datafield tag="042" ind1=" " ind2=" ">
<subfield code="a">dc</subfield>
</datafield>
<datafield tag="245" ind1="0" ind2="0">
<subfield code="a">Resultados de um programa de exercícios físicos para indivíduos com hemiplegia pós acidente vascular encefálico</subfield>
</datafield>  <datafield tag="720" ind1="1" ind2=" ">
<subfield code="a">Cruz, Leonardo Danelon</subfield>
<subfield code="u">Instituto de Medicina Física e Reabilitação do Hospital das Clinicas – FMUSP</subfield></datafield>
<datafield tag="720" ind1="1" ind2=" ">
<subfield code="a">Cardoso, Cristiane Vieira</subfield>
<subfield code="u">Instituto de Medicina Física e Reabilitação do Hospital das Clinicas – FMUSP</subfield></datafield>
<datafield tag="720" ind1="1" ind2=" ">
<subfield code="a">Mota, Cristiane Gonçalves</subfield>
<subfield code="u">Instituto de Medicina Física e Reabilitação do Hospital das Clinicas – FMUSP</subfield><subfield code="0">https://orcid.org/0000-0001-8596-8712</subfield></datafield>
<datafield tag="720" ind1="1" ind2=" ">
<subfield code="a">Silveira, Pablo Magno</subfield>
<subfield code="u">Universidade Federal de Santa Catarina – UFSC</subfield></datafield>
<datafield tag="720" ind1="1" ind2=" ">
<subfield code="a">Miyahara, Katia Lina</subfield>
<subfield code="u">Instituto de Medicina Física e Reabilitação do Hospital das Clinicas – FMUSP</subfield></datafield>
<datafield tag="720" ind1="1" ind2=" ">
<subfield code="a">Terao, Tamira</subfield>
<subfield code="u">Instituto de Medicina Física e Reabilitação do Hospital das Clinicas – FMUSP</subfield></datafield>
<datafield tag="720" ind1="1" ind2=" ">
<subfield code="a">Sabbag, Lívia Maria dos Santos</subfield>
<subfield code="u">Instituto de Medicina Física e Reabilitação do Hospital das Clinicas – FMUSP</subfield></datafield>
<datafield tag="520" ind1=" " ind2=" ">
<subfield code="a"> Dentre as várias sequelas causadas pelo acidente vascular encefálico (AVE), destaca-se o comprometimento motor como a hemiplegia e a hemiparesia. A recuperação das sequelas neurológicas pode ocorrer de maneira espontânea, porém parte da recuperação depende de estímulo motor. Isto posto, o exercício físico é um método importante para a reabilitação e promoção da saúde em indivíduos que sofreram AVE. Objetivo: Verificar os resultados obtidos na força muscular global e em equilíbrio dinâmico, em indivíduos com hemiplegia pós AVE, que participaram de um programa de exercícios físicos. Métodos: Participaram do estudo 29 indivíduos, com média de idade de 57 anos. Foram analisados, retrospectivamente, dados dos prontuários de pacientes com diagnóstico de hemiplegia após AVE do Instituto de Medicina Física e Reabilitação do Hospital das Clínicas da Faculdade de Medicina da Universidade de São Paulo – IMREA HCFMUSP, unidade Lapa, que participaram de programa de exercícios no serviço de Condicionamento Físico da instituição no período de setembro de 2011 a julho de 2013. Resultados: Observou-se aumento significativo em força muscular (p&lt;0,05) em todas as musculaturas envolvidas no teste de 10 RM. O maior ganho de força foi no grupo dos isquiotibiais (65,85%) e a musculatura com menor ganho de força foi tríceps braquial, com 31,34%. A média total de ganho de força foi de 45,20%. O tempo de realização dos testes Timed Up and Go (TUG) e Teste de Sentar e Levantar (TSL) foi menor ao término do programa, o que significa que os pacientes melhoraram a capacidade de realizar as mesmas funções avaliadas inicialmente. Conclusão: Este estudo mostrou que o treinamento resistido é muito importante para as pessoas com sequelas de hemiplegia pós AVE, por melhorar a capacidade funcional como o equilíbrio dinâmico, além de contribuir em suas atividades cotidianas com o aumento da força muscular global. </subfield>
</datafield>
<datafield tag="260" ind1=" " ind2=" ">
<subfield code="b">Faculdade de Medicina, Universidade de São Paulo</subfield>
</datafield>
<dataField tag="260" ind1=" " ind2=" ">
<subfield code="c">2018-06-30 00:00:00</subfield>
</dataField>   <datafield tag="856" ind1=" " ind2=" ">
<subfield code="q">application/pdf</subfield>
</datafield>
<datafield tag="856" ind1=" " ind2=" ">
<subfield code="q">application/pdf</subfield>
</datafield>
<datafield tag="856" ind1="4" ind2="0">
<subfield code="u">https://www.revistas.usp.br/actafisiatrica/article/view/162576</subfield>
</datafield>  <datafield tag="786" ind1="0" ind2=" ">
<subfield code="n">Acta Fisiátrica; v. 25 n. 2 (2018)</subfield>
</datafield>  <datafield tag="546" ind1=" " ind2=" ">
<subfield code="a">por</subfield>
</datafield>   <datafield tag="540" ind1=" " ind2=" ">
<subfield code="a">Copyright (c)  </subfield>
</datafield>
</record>
</metadata>
</record>