
<record>
<header>
<identifier>oai:revistas.usp.br:article/162579</identifier>
<datestamp>2019-11-21T16:33:50Z</datestamp>
<setSpec>actafisiatrica:Tend.+Refle.</setSpec>
<setSpec>driver</setSpec>
</header>
<metadata>
<record xmlns="http://www.loc.gov/MARC21/slim" xmlns:xsi="http://www.w3.org/2001/XMLSchema-instance" xsi:schemaLocation="http://www.loc.gov/MARC21/slim http://www.loc.gov/standards/marcxml/schema/MARC21slim.xsd">
<leader>     nmb a2200000Iu 4500</leader>
<controlfield tag="008">"180630 2018                        eng  "</controlfield>
<datafield tag="022" ind1="#" ind2="#">
<subfield code="$a">2317-0190</subfield>
</datafield>
<datafield tag="022" ind1="#" ind2="#">
<subfield code="$a">0104-7795</subfield>
</datafield>
<datafield tag="042" ind1=" " ind2=" ">
<subfield code="a">dc</subfield>
</datafield>
<datafield tag="245" ind1="0" ind2="0">
<subfield code="a">Protocolo de assistência do serviço de condicionamento físico para indivíduos com doenças neuromusculares e musculoesqueléticas</subfield>
</datafield>  <datafield tag="720" ind1="1" ind2=" ">
<subfield code="a">Cardoso, Cristiane Vieira</subfield>
<subfield code="u">Instituto de Medicina Física e Reabilitação do Hospital – FMUSP</subfield></datafield>
<datafield tag="720" ind1="1" ind2=" ">
<subfield code="a">Mota, Cristiane Gonçalves</subfield>
<subfield code="u">Instituto de Medicina Física e Reabilitação do Hospital – FMUSP</subfield><subfield code="0">https://orcid.org/0000-0001-8596-8712</subfield></datafield>
<datafield tag="720" ind1="1" ind2=" ">
<subfield code="a">Sampaio, Isabel Cristina da Silva Prado</subfield>
<subfield code="u">Instituto de Medicina Física e Reabilitação do Hospital – FMUSP</subfield></datafield>
<datafield tag="720" ind1="1" ind2=" ">
<subfield code="a">Sabbag, Livia Maria dos Santos</subfield>
<subfield code="u">Instituto de Medicina Física e Reabilitação do Hospital – FMUSP</subfield></datafield>
<datafield tag="520" ind1=" " ind2=" ">
<subfield code="a"> O condicionamento físico supervisionado por profissionais de Educação Física inserido em um programa de reabilitação para pacientes com distúrbios neuromusculares e musculoesqueléticos visa o aumento da força muscular, melhora da coordenação motora, equilíbrio dinâmico, capacidade aeróbia, capacidade funcional e da aptidão física voltada à saúde. Trata-se de importante intervenção para prevenir e atenuar a sinergia entre a perda de função física e a exacerbação de várias comorbidades que comprometem a independência funcional, modificar fatores de risco, aumentar a qualidade de vida e longevidade com redução da mortalidade. O objetivo desse artigo é apresentar o protocolo de assistência do Serviço de Condicionamento Físico do Instituto de Medicina Física e Reabilitação do Hospital das Clinicas da Faculdade de Medicina da Universidade de São Paulo (IMREA-HCFMUSP), elaborado para que a intervenção de exercícios físicos seja adequada, respeitando o perfil e limitações físicas desses pacientes, bem como na observação de seus marcadores clínicos. </subfield>
</datafield>
<datafield tag="260" ind1=" " ind2=" ">
<subfield code="b">Faculdade de Medicina, Universidade de São Paulo</subfield>
</datafield>
<dataField tag="260" ind1=" " ind2=" ">
<subfield code="c">2018-06-30 00:00:00</subfield>
</dataField>   <datafield tag="856" ind1=" " ind2=" ">
<subfield code="q">application/pdf</subfield>
</datafield>
<datafield tag="856" ind1=" " ind2=" ">
<subfield code="q">application/pdf</subfield>
</datafield>
<datafield tag="856" ind1="4" ind2="0">
<subfield code="u">https://www.revistas.usp.br/actafisiatrica/article/view/162579</subfield>
</datafield>  <datafield tag="786" ind1="0" ind2=" ">
<subfield code="n">Acta Fisiátrica; v. 25 n. 2 (2018)</subfield>
</datafield>  <datafield tag="546" ind1=" " ind2=" ">
<subfield code="a">por</subfield>
</datafield>   <datafield tag="540" ind1=" " ind2=" ">
<subfield code="a">Copyright (c)  </subfield>
</datafield>
</record>
</metadata>
</record>