
<record>
<header>
<identifier>oai:revistas.usp.br:article/162582</identifier>
<datestamp>2019-11-21T16:33:50Z</datestamp>
<setSpec>actafisiatrica:Art.+Orig.</setSpec>
<setSpec>driver</setSpec>
</header>
<metadata>
<record xmlns="http://www.loc.gov/MARC21/slim" xmlns:xsi="http://www.w3.org/2001/XMLSchema-instance" xsi:schemaLocation="http://www.loc.gov/MARC21/slim http://www.loc.gov/standards/marcxml/schema/MARC21slim.xsd">
<leader>     nmb a2200000Iu 4500</leader>
<controlfield tag="008">"180630 2018                        eng  "</controlfield>
<datafield tag="022" ind1="#" ind2="#">
<subfield code="$a">2317-0190</subfield>
</datafield>
<datafield tag="022" ind1="#" ind2="#">
<subfield code="$a">0104-7795</subfield>
</datafield>
<datafield tag="042" ind1=" " ind2=" ">
<subfield code="a">dc</subfield>
</datafield>
<datafield tag="245" ind1="0" ind2="0">
<subfield code="a">Incapacidades físicas em pessoas que concluíram a poliquimioterapia para hanseníase em Vitória da Conquista, Bahia, Brasil</subfield>
</datafield>  <datafield tag="720" ind1="1" ind2=" ">
<subfield code="a">Reis, Martha Cerqueira</subfield>
<subfield code="u">Universidade Federal da Bahia – UFBA</subfield></datafield>
<datafield tag="720" ind1="1" ind2=" ">
<subfield code="a">Raposo, Marcos Túlio</subfield>
<subfield code="u">Universidade Estadual do Sudoeste da Bahia – UESB</subfield></datafield>
<datafield tag="720" ind1="1" ind2=" ">
<subfield code="a">Alencar, Carlos Henrique Morais de</subfield>
<subfield code="u">Universidade Federal do Ceará – UFCE</subfield></datafield>
<datafield tag="720" ind1="1" ind2=" ">
<subfield code="a">Ramos Júnior, Alberto Novaes</subfield>
<subfield code="u">Universidade Federal do Ceará – UFCE</subfield><subfield code="0">https://orcid.org/0000-0001-7982-1757</subfield></datafield>
<datafield tag="720" ind1="1" ind2=" ">
<subfield code="a">Heukelbach, Jorg</subfield>
<subfield code="u">Universidade Federal do Ceará – UFCE</subfield></datafield>
<datafield tag="520" ind1=" " ind2=" ">
<subfield code="a"> Objetivo: Estimar a prevalência de incapacidades físicas e fatores associados, em pessoas que concluíram a poliquimioterapia (PQT) para hanseníase. Métodos: Realizou-se estudo transversal (n=222) no município de Vitória da Conquista-Bahia-Brasil, incluindo casos de hanseníase notificados de 2001-2014. As incapacidades físicas foram avaliadas por meio de aplicação de instrumento e avaliação do grau de incapacidade (GI) e do escore olho-mão-pé (OMP). Resultados: A prevalência de incapacidades físicas foi de 64,8% (n=144), e de GI 2 foi de 17,1% (n=38). As incapacidades físicas associaram-se de forma significante com analfabetismo (RP = 1,27; IC 95% = 1,05–1,54), classificação operacional multibacilar (RP = 1,26; IC 95% = 1,01–1,57), ocorrência de episódios reacionais (RP =1,41; IC 95% = 1,14–1,74) e dor/espessamento neural (RP = 1,3; IC 95% = 1,02–1,64). Houve piora do GI em 34 (32,1%) dos casos, considerando o momento do diagnóstico à alta. Conclusões: As incapacidades físicas, inclusive as com deformidades, constituem um importante problema no contexto individual e coletivo dos casos que seguem no pós-alta da PQT. Ressalta-se a necessitando de maior monitoramento e cuidado longitudinal, no sentido de prevenir sequelas específicas da doença. </subfield>
</datafield>
<datafield tag="260" ind1=" " ind2=" ">
<subfield code="b">Faculdade de Medicina, Universidade de São Paulo</subfield>
</datafield>
<dataField tag="260" ind1=" " ind2=" ">
<subfield code="c">2018-06-30 00:00:00</subfield>
</dataField>   <datafield tag="856" ind1=" " ind2=" ">
<subfield code="q">application/pdf</subfield>
</datafield>
<datafield tag="856" ind1=" " ind2=" ">
<subfield code="q">application/pdf</subfield>
</datafield>
<datafield tag="856" ind1="4" ind2="0">
<subfield code="u">https://www.revistas.usp.br/actafisiatrica/article/view/162582</subfield>
</datafield>  <datafield tag="786" ind1="0" ind2=" ">
<subfield code="n">Acta Fisiátrica; v. 25 n. 2 (2018)</subfield>
</datafield>  <datafield tag="546" ind1=" " ind2=" ">
<subfield code="a">por</subfield>
</datafield>   <datafield tag="540" ind1=" " ind2=" ">
<subfield code="a">Copyright (c)  </subfield>
</datafield>
</record>
</metadata>
</record>
<resumptionToken expirationDate="2023-08-08T14:50:26Z" completeListSize="935" cursor="650">34f38cd1551501bc3462b8fe707697d7</resumptionToken>
</ListRecords>
</OAI-PMH> 